1947 3296
872 120 963 163 197

63 256 96 290 p.
117 245 204 279 232!
231 242 354 278 JORD.
372 241 454 277 Obs.
472 241 515 276 fr.
533 241 600 276 ΙΙΙ.
626 253 660 286 p.
680 242 759 283 214,
784 246 808 276 t.
826 241 859 285 8,
884 241 907 274 f.
931 240 977 275 B!
1012 238 1169 276 Obscure
1185 241 1313 282 virens,
1332 240 1431 275 caule
1450 246 1568 276 erecto
1585 241 1765 276 9—15“1.

62 302 217 335 ramoso,
245 291 398 327 sulcato,
424 289 620 332 interrupte
646 288 761 328 alato,
793 298 978 330 araneos03
1011 287 1106 322 foliis
1132 297 1238 331 supra
1264 287 1512 331 glabriusculis
1538 289 1662 324 subtus
1688 299 1766 323 ara-

62 339 179 373 neosis
203 336 463 382 pallidioribus,
500 334 735 380 pinnatifidis.
770 334 860 369 lobis
884 334 996 369 ovatis
1021 333 1404 378 divaricato-dentatis,
1439 335 1765 378 spinuloso-ciliatis

63 385 295 428 dentibusque
322 384 421 428 spina
445 387 621 427 pungente
646 381 857 424 terminatis,
883 381 949 415 alis
965 381 1267 425 crispato-Iobatis
1284 380 1385 415 valde
1404 381 1575 426 spinosis3
1602 382 1766 417 calathiis

64 431 192 466 erectis
218 429 414 475 pedunculo
439 434 636 464 tomentoso
662 429 869 472 plerumque
894 427 938 461 ad
963 428 1099 472 apicem
1126 438 1236 472 usque
1262 428 1460 472 interrupte
1485 428 1581 462 alato
1614 429 1766 463 insiden-

62 479 174 522 tibus3
201 476 360 512 anthodii
385 475 641 519 ovato-globosi
667 474 929 510 subumbilicati
955 475 1011 508 8“‘
1028 475 1050 509 l.
1078 475 1242 518 squamis,
1268 475 1400 518 glabris
1425 487 1454 509 v.
1480 475 1766 519 pubescentibus,

63 524 349 569 subaequalibus,
375 522 761 565 elongans-linearibus.
786 522 1004 557 acuminatis.
1030 522 1134 556 dorso
1160 522 1285 556 obtuse
1307 522 1476 556 carinatis
1493 522 1696 564 inermibus,
1721 522 1766 556 ad

63 571 215 606 medium
241 580 350 614 usque
376 570 507 614 pallide
532 570 743 612 virentibus,
770 580 790 602 a
815 568 928 603 medio
955 567 1277 613 arcuato-reflexis,
1302 569 1452 603 obscure
1477 569 1669 604 virentibus
1695 570 1767 612 (ex-

62 619 263 662 terioribus)
288 623 348 652 aut
373 616 710 662 purpurascentiluis
738 616 1010 659 (interioribuslg
1038 616 1177 650 corollis
1202 616 1406 660 purpureis,
1439 615 1574 651 discum
1601 615 1767 657 1—1¹,.2¹¹

62 665 164 701 diam.
190 664 453 707 mentientibus,
478 663 660 698 achaeniis
687 664 742 697 2¹¹¹
769 663 791 697 l.
816 663 954 705 griseis.
979 663 1113 697 striatis
1139 663 1390 706 eleganterque
1416 662 1623 706 granulatis,
1649 673 1768 708 pappo

62 713 170 758 triplo
195 711 424 747 brevioribus,
451 710 585 756 papilla
610 710 758 745 centrali
783 709 1015 753 prominente.
1041 710 1099 744 vix
1123 709 1301 753 angulata.

204 762 241 802 Ad.
268 758 524 803 spinulosus
554 757 639 791 WK.
666 757 758 791 foliis
784 757 923 791 brevius
949 757 1173 800 tenuiterque
1198 756 1359 801 spinosis,
1386 754 1606 800 pinnatifidis
1632 754 1687 789 vel
1712 755 1763 789 in-

270 805 456 840 ferioribus
482 804 804 845 sinuato-dentatis.
832 804 1072 848 superioribus
1097 803 1392 847 inciso-dentatis,
1417 802 1483 837 alis
1507 801 1608 837 valde
1633 802 1766 847 crispa-

271 853 328 895 tis,
356 852 513 896 squamis
537 851 697 886 anthedii
720 851 778 884 vix
804 851 996 885 recurvatis
1023 850 1084 885 sed
1110 850 1212 884 valde
1231 850 1428 894 squarrosis
1448 849 1497 894 (C.
1516 849 1652 884 medius
1671 850 1770 884 van?

272 899 487 935 castellanus
514 898 601 932 WK.
627 898 755 941 Pugill.
781 909 812 931 n.
842 898 922 941 39).
970 897 1100 931 Planta
1125 897 1326 941 subglabra.

155 945 196 978 In
220 946 408 984 ruderatis,
435 945 619 989 glareosis,
644 944 831 989 pinguibus
856 944 1007 986 regionis
1033 944 1221 981 inferioris.
1248 950 1436 978 montanae
1454 948 1489 977 et
1507 943 1647 987 alpinae
1664 942 1767 977 Cata-

109 992 249 1026 launiae
286 994 327 1036 (c.
353 993 492 1037 Ripoll,
519 992 648 1036 Ribas,
675 991 841 1036 Caralps,
868 990 1160 1035 Esparraguera,
1187 991 1324 1033 SALV.,
1352 989 1493 1030 COLM.,
1528 989 1609 1024 inde
1634 990 1678 1024 ab
1705 1000 1766 1024 ora

107 1039 213 1074 maris
244 1051 297 1084 pr.
323 1040 455 1074 Castell
489 1039 531 1073 de
558 1038 641 1074 Fels
673 1048 784 1082 usque
816 1037 861 1071 ad
886 1038 1150 1080 Pyrenaeorum
1175 1038 1295 1073 fauces
1320 1038 1355 1071 la
1379 1036 1527 1077 Picada,
1555 1036 1673 1071 Viella
1689 1042 1767 1080 etc.,

110 1085 255 1129 CSTA.!)
282 1093 315 1120 et
342 1087 441 1127 regni
466 1085 615 1120 Granat.
642 1085 774 1130 (Sierra
800 1084 842 1118 de
869 1084 988 1119 Gador
1014 1085 1058 1118 ad
1084 1085 1143 1119 alt.
1163 1085 1348 1128 5—6000‘,
1373 1083 1495 1128 Bss.);
1521 1103 1566 1108 -—
1592 1086 1630 1127 β.
1655 1094 1767 1128 prope

107 1132 390 1175 Menga-Mufioz
413 1134 450 1167 in
475 1133 570 1168 Cast.
594 1143 683 1167 nova
709 1132 895 1176 (ISERNI).
920 1151 964 1156 -
992 1132 1019 1170 ό
1047 1131 1290 1176 Majo--Sept.
1317 1132 1359 1175 (v.
1385 1131 1437 1171 8.).

154 1179 244 1214 Hab.
271 1180 306 1214 in
332 1179 424 1214 Gall.
450 1179 572 1214 merid.
594 1179 633 1214 'et
658 1179 765 1223 alpib.
792 1178 1041 1223 Delphinatus.

155 1225 330 1262 Observ.
363 1227 493 1261 Planta
516 1227 736 1261 catalaunica
760 1226 861 1261 caule
885 1225 1047 1269 foliisque
1072 1225 1184 1268 magis
1203 1224 1366 1269 spinosis,
1393 1223 1503 1268 spinis
1527 1222 1767 1268 validioribus,

106 1272 268 1308 foliorum
293 1274 485 1318 segmentis
510 1273 783 1317 angustioribus,
808 1273 974 1308 calathiis
1000 1272 1208 1307 subcernuis
1233 1282 1254 1305 a
1280 1271 1398 1316 specie
1424 1269 1708 1314 aliquantulumd
1725 1270 1766 1304 if-

106 1320 175 1355 fert
202 1321 263 1356 sed
288 1321 346 1355 vix
371 1321 580 1356 varietatem
605 1320 797 1356 constituit.
844 1320 1010 1355 Plantam
1034 1324 1283 1363 granatensem
1307 1316 1462 1353 nondum
1486 1316 1567 1351 vidi.

154 1390 256 1423 1715.
306 1392 349 1426 C.
375 1392 577 1433 platypus
602 1389 701 1424 LGE.
727 1389 804 1424 Ind.
839 1400 923 1424 sem.
956 1390 990 1423 h.
1024 1389 1127 1423 havn.
1156 1389 1264 1433 1857,
1297 1399 1330 1433 p.
1358 1388 1402 1422 26
1435 1392 1470 1422 et
1497 1387 1606 1431 1859,
1637 1398 1671 1431 p.
1702 1387 1765 1421 28!

60 1435 309 1481 Spithamaeus
334 1449 363 1472 v.
388 1437 536 1482 pedalis,
561 1438 662 1472 caule
688 1442 805 1472 erecto
830 1447 937 1481 parce
962 1446 1113 1479 ramoso,
1139 1435 1275 1470 inferne
1300 1435 1488 1478 angulato,
1514 1433 1766 1468 arachnoideo-

59 1487 269 1529 tomentoso,
289 1484 500 1529 (interrupte
533 1484 645 1528 alato,
680 1495 758 1519 cum
791 1484 899 1518 ramis
931 1483 1031 1528 apice
1063 1483 1218 1517 breviter
1250 1481 1361 1526 nud03
1395 1481 1488 1516 foliis
1515 1481 1679 1525 utrinque
1704 1479 1766 1516 sed

58 1530 249 1575 praecipue
276 1531 400 1567 subtus
426 1531 673 1566 arachnoideis
700 1530 981 1575 canescentibus,
1008 1530 1158 1565 caulinis
1182 1529 1219 1563 in
1244 1529 1321 1564 alas
1345 1527 1517 1573 profunde
1542 1532 1577 1562 et
1594 1527 1766 1572 crispato-

58 1577 186 1613 incisas
213 1578 582 1620 semidecurrentibus,
608 1578 698 1613 lobis
722 1577 887 1612 foliorum
913 1577 1118 1621 alarumque
1141 1576 1418 1620 triangularibus
1437 1574 1766 1620 spinuloso-ciliatis

59 1623 300 1668 dentatisque,
338 1624 501 1660 dentibus
536 1626 635 1670 spina
670 1623 763 1660 tenui
791 1624 919 1658 1-2¹¹‘
943 1625 964 1658 l.
1001 1624 1218 1666 terminatis3
1255 1623 1421 1658 calathiis
1446 1622 1644 1667 pedunculo
1669 1622 1766 1656 brevi

59 1671 152 1706 nudo
177 1671 411 1708 insidentibus
436 1672 582 1717 erectis,
618 1672 779 1707 anthodii
812 1671 1070 1715 ovato-globosi
1095 1671 1173 1706 basi
1197 1670 1357 1714 depressi
1383 1669 1562 1713 (truncati)
1587 1668 1766 1704 subumbi-

58 1718 156 1753 licati
183 1718 324 1763 3s4—l“
355 1719 459 1754 diam.
493 1719 557 1754 lati
591 1719 746 1763 squamis
782 1718 884 1753 valde
921 1717 1169 1761 inaequalibus
1201 1717 1273 1752 late
1308 1716 1518 1757 linearibus,
1557 1715 1766 1760 parcissime

59 1765 316 1811 arachnoideis,
342 1766 502 1809 margine
527 1765 704 1810 ciliolatis,
731 1765 966 1800 exterioribus
992 1765 1091 1809 apice
1118 1764 1233 1799 subito
1258 1763 1486 1808 acuminatis,
1511 1763 1590 1797 basi
1615 1762 1765 1797 enei-viis

59 1811 185 1846 deinde
209 1823 316 1847 nervo
339 1812 453 1847 medio
479 1814 660 1847 carinante
685 1813 722 1846 in
748 1811 883 1857 spinam
907 1812 1151 1847 brevissimam
1176 1810 1235 1845 vix
1261 1815 1475 1854 pungentem
1507 1809 1690 1844 desinente
1714 1809 1765 1843 in-

59 1860 213 1904 structis,
238 1859 367 1895 infimis
393 1859 665 1894 horizontaliter
688 1859 902 1904 patentibus,
928 1858 1053 1893 mediis
1079 1868 1100 1891 a
1123 1857 1232 1893 tertia
1256 1862 1356 1902 parte
1374 1857 1453 1901 plus
1471 1856 1585 1891 minus
1603 1860 1766 1891 arcuato-

57 1904 219 1947 reflexis,
245 1906 378 1942 intimis
414 1907 517 1950 longe
542 1905 736 1950 cuspidatis
761 1905 924 1940 mollibus
948 1905 1048 1949 apice
1073 1904 1413 1950 purpurascentibus
1438 1903 1622 1948 puberulis
1646 1914 1764 1938 recur-

59 1953 147 1987 vatis
173 1952 322 1996 ideoque
348 1953 444 1988 disco
472 1952 633 1996 1—11s2“
658 1952 763 1987 diam.
796 1953 869 1987 lato
899 1952 1132 1988 brevioribus:
1165 1951 1308 1986 corollis
1339 1951 1469 1994 roseis,
1502 1951 1587 1985 tubo
1617 1950 1763 1985 limbum

58 1998 149 2034 infra
181 1999 333 2033 medium
366 2010 477 2044 usque
508 1999 630 2034 fissum
665 2005 859 2044 aequante,
894 1999 1075 2034 achaeniis
1109 1998 1269 2042 oblongis
1300 1998 1452 2033 curvatis
1484 1997 1541 2031 2¹¹¹
1565 1997 1588 2032 l.
1620 1997 1765 2042 pallidis

61 2045 210 2087 striatis,
245 2047 308 2081 sub
343 2046 436 2081 lente
470 2046 705 2081 minutissime
737 2046 932 2090 punctatis,
969 2057 1088 2090 pappo
1119 2046 1199 2080 albo
1224 2045 1332 2089 triplo
1356 2044 1596 2089 brevioribus,
1629 2043 1764 2089 papilla

60 2093 208 2127 centrali
233 2093 451 2137 prominente
477 2094 723 2138 quinqueloba.

152 2139 193 2173 In
218 2140 404 2185 ruderatis,
431 2140 533 2175 cultis
559 2146 594 2175 et
618 2139 759 2175 incultis
776 2140 930 2183 regionis
947 2139 1125 2174 inferioris
1144 2144 1178 2173 et
1194 2143 1382 2173 montanae
1400 2137 1594 2182 Hispaniae
1611 2137 1765 2172 borealis

108 2191 143 2220 et
167 2187 351 2222 centralis:
378 2188 414 2221 in
439 2198 546 2230 regno
564 2187 710 2230 Legion.
738 2187 795 2231 (ad
821 2186 1001 2222 Carucedo
1026 2187 1063 2220 in
1087 2185 1218 2220 ditione
1243 2185 1382 2224 Vierzo.
1409 2184 1550 2229 LGE.!),
1577 2185 1671 2220 Cast.
1697 2190 1764 2219 vet.

107 2233 148 2277 (c.
174 2233 375 2268 Valladolid
405 2235 441 2268 in
473 2234 582 2269 vineis
608 2233 754 2278 abund,
781 2233 931 2278 LGE.!),
968 2233 1113 2268 montib.
1140 2231 1314 2267 Marianis
1341 2232 1485 2275 (Puerta
1510 2231 1553 2266 de
1577 2230 1764 2276 Despefla-

50 2325 60 2334 ι
105 2290 238 2325 perros,
264 2280 404 2325 LGE.!).
435 2302 471 2305 -
503 2282 544 2320 ό.
571 2281 667 2315 Julio
696 2282 738 2325 (v.
765 2286 819 2324 s).

156 2351 258 2384 1716.
308 2352 350 2384 C.
377 2353 641 2391 granatensis
667 2349 755 2387 WK.
782 2349 910 2393 Pugill.
938 2360 969 2383 n,
998 2350 1052 2392 38,
1078 2349 1114 2382 in
1139 2348 1298 2383 Linnaea
1324 2350 1425 2391 1859,
1451 2359 1483 2391 p.
1512 2348 1596 2380 113!
1633 2345 1683 2388 (C.
1709 2355 1763 2380 re-

60 2403 224 2430 curvatus
250 2395 338 2429 WK.
365 2397 447 2431 olim
471 2397 506 2430 in
532 2397 611 2442 litt,
638 2397 673 2431 C.
700 2402 827 2432 nutans
852 2397 937 2430 BSS.
964 2396 1053 2440 Voy.
1079 2406 1097 2430 e
1124 2396 1353 2439 stationibus,
1380 2406 1448 2429 non
1474 2393 1541 2436 L.).
1590 2391 1720 2426 Differt
1743 2402 1764 2426 a

60 2443 222 2487 praeced.
250 2443 359 2486 spinis
385 2443 611 2479 validioribus
636 2444 923 2487 longioribusque
952 2442 1093 2487 (3—8“¹
1117 2442 1153 2485 1.)
1180 2442 1281 2477 valde
1305 2440 1561 2486 pungentibus,
1595 2437 1763 2473 anthodio

61 2489 187 2523 eximie
220 2489 439 2525 umbilicato.
474 2491 628 2534 squamis
657 2502 727 2525 non
757 2491 873 2525 subito
898 2491 934 2525 in
958 2499 1104 2524 acumen
1130 2489 1333 2534 spinescens
1358 2486 1549 2522 contractis
1574 2485 1636 2520 sed
1661 2485 1763 2529 longe

61 2536 212 2570 acutatis
237 2536 272 2570 in
298 2536 435 2580 spinam
460 2542 674 2581 pungentem
698 2537 953 2580 desinentibus,
980 2536 1138 2580 exceptis
1163 2536 1292 2570 infimis
1318 2533 1586 2569 horizontaliter
1609 2532 1762 2577 patenti-

59 2583 124 2617 bus
149 2593 169 2617 a
193 2582 308 2617 medio
334 2583 460 2617 eximie
486 2584 857 2626 arcuato-recurvatis,
891 2584 1024 2618 intimis
1058 2583 1248 2617 inermibus
1282 2582 1382 2626 apice
1411 2579 1762 2626 purpurascentibus,

61 2630 214 2664 corollae
239 2629 345 2664 limbo
371 2630 480 2664 multo
505 2630 711 2674 profundius
728 2630 837 2665 diviso
854 2631 977 2665 tubum
994 2629 1211 2673 longitudine
1230 2634 1430 2673 superante,
1458 2626 1638 2662 achaeniis
1656 2627 1763 2662 rectis

61 2675 167 2720 2¹s‘2“⁴
185 2677 206 2710 l.
233 2676 411 2719 testaceis,
438 2677 574 2712 striatis
600 2677 850 2720 eleganterque
876 2677 1081 2720 granulatis.
1106 2687 1223 2721 pappo
1248 2675 1557 2710 testaceo-nitente
1578 2673 1762 2718 quintuplo

60 2723 290 2765 brevioribus,
316 2723 451 2768 papilla
476 2724 625 2758 centrali
649 2723 756 2758 multo
781 2724 892 2767 magis
917 2724 1136 2768 prominente
1162 2723 1290 2757 eximie
1307 2722 1553 2766 quinqueloba.
1571 2741 1615 2746 —-
1634 2720 1764 2755 Planta

61 2770 216 2809 robusta,
243 2771 352 2815 spinis
378 2770 531 2805 horrida.
580 2770 799 2805 Anthodium
825 2769 1023 2813 *Vs—Fufi
1050 2770 1167 2804 discus
1193 2769 1405 2804 corollarum
1432 2769 1544 2802 1—2“
1571 2768 1675 2802 diam.

154 2827 194 2860 In
219 2828 304 2863 locis
328 2828 517 2873 pinguibus
544 2829 785 2872 glareosisque
812 2829 981 2863 calcareis
1007 2828 1159 2871 regionis
1177 2831 1364 2862 montanae
1382 2832 1416 2862 et
1439 2826 1646 2870 subalpinae
1663 2825 1762 2868 regni

109 2872 341 2909 Granatensis
378 2875 422 2910 ad
453 2876 514 2910 alt.
548 2876 792 2910 3500—6500¹
824 2875 958 2915 passim
991 2875 1038 2918 (in
1074 2874 1193 2908 Sierra
1224 2873 1387 2919 Nevada,
1422 2873 1453 2908 S.
1483 2872 1633 2918 Tejeda,
1660 2871 1692 2905 S.
1719 2870 1761 2905 de

108 2919 231 2966 Lujar,
256 2921 288 2955 S.
316 2921 357 2956 de
383 2922 539 2963 Alfacar,
567 2922 667 2958 WK..
693 2922 725 2957 S.
745 2922 787 2956 de
805 2921 934 2957 Gador.
960 2921 995 2955 in
1021 2921 1151 2956 ditione
1169 2921 1383 2966 Alpujarras
1406 2931 1512 2966 supra
1529 2930 1657 2964 pagum
1676 2917 1761 2952 Tre-

108 2967 213 3011 velez,
239 2968 351 3013 Bss).
376 2989 420 2994 -
447 2970 502 3008 A?
527 2969 622 3011 Jun.,
647 2969 720 3004 Jul.
747 2969 788 3013 (v.
815 2970 871 3013 v.).

154 3013 327 3049 Observ.
358 3015 462 3051 Haud
488 3016 618 3061 dubito,
645 3017 727 3060 quin
754 3017 841 3051 haec
867 3015 988 3060 planta
1014 3025 1032 3048 a
1059 3014 1292 3060 praecedente
1317 3025 1467 3059 quacum
1485 3014 1584 3047 amic.
1603 3011 1760 3055 LANGE,

108 3060 165 3103 qui
191 3062 381 3105 specimina
407 3074 475 3097 non
502 3064 601 3098 vidit.
627 3074 704 3098 eam
721 3063 910 3097 identicam
929 3072 1006 3096 esse
1025 3062 1173 3106 putavit,
1199 3061 1361 3106 specifice
1386 3060 1537 3095 differat.
1575 3059 1761 3093 Structura
