<?xml version="1.0" encoding="UTF-8"?>
<!DOCTYPE html PUBLIC "-//W3C//DTD XHTML 1.0 Transitional//EN"
    "http://www.w3.org/TR/xhtml1/DTD/xhtml1-transitional.dtd">
<html xmlns="http://www.w3.org/1999/xhtml" xml:lang="en" lang="en">
 <head>
  <title>
</title>
<meta http-equiv="Content-Type" content="text/html;charset=utf-8" />
  <meta name='ocr-system' content='tesseract 3.04.00' />
  <meta name='ocr-capabilities' content='ocr_page ocr_carea ocr_par ocr_line ocrx_word'/>
</head>
<body>
  <div class='ocr_page' id='page_1' title='image "./prodromusfloraeh02will/prodromusfloraeh02will_0378.png"; bbox 0 0 1947 3296; ppageno 0'>
   <div class='ocr_carea' id='block_1_1' title="bbox 969 144 1064 189">
    <p class='ocr_par' dir='ltr' id='par_1_1' title="bbox 969 144 1064 189">
     <span class='ocr_line' id='line_1_1' title="bbox 969 144 1064 189; baseline -0.021 0"><span class='ocrx_word' id='word_1_1' title='bbox 969 144 1064 189; x_wconf 84' lang='lat'>370</span> 
     </span>
    </p>
   </div>
   <div class='ocr_carea' id='block_1_2' title="bbox 170 263 1871 542">
    <p class='ocr_par' dir='ltr' id='par_1_2' title="bbox 170 263 1871 542">
     <span class='ocr_line' id='line_1_2' title="bbox 170 263 1869 310; baseline -0.001 -10"><span class='ocrx_word' id='word_1_2' title='bbox 170 265 296 300; x_wconf 83' lang='lat' dir='ltr'>mediis</span> <span class='ocrx_word' id='word_1_3' title='bbox 320 264 489 310; x_wconf 81' lang='lat' dir='ltr'>ellipticis</span> <span class='ocrx_word' id='word_1_4' title='bbox 515 265 646 301; x_wconf 87' lang='lat' dir='ltr'>obtusis</span> <span class='ocrx_word' id='word_1_5' title='bbox 676 265 909 305; x_wconf 81' lang='lat' dir='ltr'>mucronatis,</span> <span class='ocrx_word' id='word_1_6' title='bbox 943 265 1074 299; x_wconf 68' lang='lat' dir='ltr'>intimis</span> <span class='ocrx_word' id='word_1_7' title='bbox 1107 263 1494 307; x_wconf 70' lang='lat' dir='ltr'>oblongo-lanceolatis</span> <span class='ocrx_word' id='word_1_8' title='bbox 1519 263 1654 299; x_wconf 90' lang='lat' dir='ltr'>obtusis</span> <span class='ocrx_word' id='word_1_9' title='bbox 1678 264 1786 299; x_wconf 84' lang='lat' dir='ltr'>flores</span> <span class='ocrx_word' id='word_1_10' title='bbox 1811 275 1869 300; x_wconf 85' lang='lat' dir='ltr'>ex-</span> 
     </span>
     <span class='ocr_line' id='line_1_3' title="bbox 171 310 1871 357; baseline -0.001 -10"><span class='ocrx_word' id='word_1_11' title='bbox 171 311 396 355; x_wconf 74' lang='lat' dir='ltr'>cedentibus,</span> <span class='ocrx_word' id='word_1_12' title='bbox 431 312 614 357; x_wconf 81' lang='lat' dir='ltr'>pedicellis</span> <span class='ocrx_word' id='word_1_13' title='bbox 649 313 731 346; x_wconf 78' lang='lat' dir='ltr'>tubo</span> <span class='ocrx_word' id='word_1_14' title='bbox 764 312 922 356; x_wconf 63' lang='lat' dir='ltr'>calycino</span> <span class='ocrx_word' id='word_1_15' title='bbox 958 313 1095 345; x_wconf 82' lang='lat' dir='ltr'>omnino</span> <span class='ocrx_word' id='word_1_16' title='bbox 1127 310 1296 354; x_wconf 85' lang='lat' dir='ltr'>adpresse</span> <span class='ocrx_word' id='word_1_17' title='bbox 1320 310 1470 355; x_wconf 90' lang='lat' dir='ltr'>pilosulo</span> <span class='ocrx_word' id='word_1_18' title='bbox 1496 311 1734 353; x_wconf 84' lang='lat' dir='ltr'>brevioribus,</span> <span class='ocrx_word' id='word_1_19' title='bbox 1772 311 1871 345; x_wconf 87' lang='lat' dir='ltr'>limbi</span> 
     </span>
     <span class='ocr_line' id='line_1_4' title="bbox 172 357 1870 401; baseline -0.001 -7"><span class='ocrx_word' id='word_1_20' title='bbox 172 360 256 394; x_wconf 89' lang='lat' dir='ltr'>tubo</span> <span class='ocrx_word' id='word_1_21' title='bbox 289 358 498 394; x_wconf 82' lang='lat' dir='ltr'>subdimidio</span> <span class='ocrx_word' id='word_1_22' title='bbox 531 359 703 393; x_wconf 80' lang='lat' dir='ltr'>brevioris</span> <span class='ocrx_word' id='word_1_23' title='bbox 738 359 826 393; x_wconf 84' lang='lat' dir='ltr'>lobis</span> <span class='ocrx_word' id='word_1_24' title='bbox 858 358 1022 392; x_wconf 58' lang='lat' dir='ltr'>brewibus</span> <span class='ocrx_word' id='word_1_25' title='bbox 1054 357 1182 391; x_wconf 84' lang='lat' dir='ltr'>retusis</span> <span class='ocrx_word' id='word_1_26' title='bbox 1216 358 1364 401; x_wconf 83' lang='lat' dir='ltr'>abrupte</span> <span class='ocrx_word' id='word_1_27' title='bbox 1398 363 1433 392; x_wconf 86' lang='lat' dir='ltr'>et</span> <span class='ocrx_word' id='word_1_28' title='bbox 1459 358 1675 400; x_wconf 77' lang='lat' dir='ltr'>longiuscule</span> <span class='ocrx_word' id='word_1_29' title='bbox 1698 358 1870 397; x_wconf 52' lang='lat' dir='ltr'>adstatis,</span> 
     </span>
     <span class='ocr_line' id='line_1_5' title="bbox 171 403 1870 450; baseline 0 -11"><span class='ocrx_word' id='word_1_30' title='bbox 171 405 311 440; x_wconf 86' lang='lat' dir='ltr'>corollis</span> <span class='ocrx_word' id='word_1_31' title='bbox 343 406 433 441; x_wconf 89' lang='lat' dir='ltr'>albis</span> <span class='ocrx_word' id='word_1_32' title='bbox 460 406 513 450; x_wconf 86' lang='lat'>(‘?).</span> <span class='ocrx_word' id='word_1_33' title='bbox 539 406 736 440; x_wconf 84' lang='lat' dir='ltr'>—Planta</span> <span class='ocrx_word' id='word_1_34' title='bbox 761 406 936 449; x_wconf 73' lang='lat' dir='ltr'>caespites</span> <span class='ocrx_word' id='word_1_35' title='bbox 973 404 1047 438; x_wconf 66' lang='lat' dir='ltr'>lzasi</span> <span class='ocrx_word' id='word_1_36' title='bbox 1080 405 1209 445; x_wconf 76' lang='lat' dir='ltr'>vaginis</span> <span class='ocrx_word' id='word_1_37' title='bbox 1240 404 1386 439; x_wconf 84' lang='lat' dir='ltr'>vetustis</span> <span class='ocrx_word' id='word_1_38' title='bbox 1423 403 1530 439; x_wconf 88' lang='lat' dir='ltr'>dense</span> <span class='ocrx_word' id='word_1_39' title='bbox 1569 404 1715 439; x_wconf 82' lang='lat' dir='ltr'>vestitos</span> <span class='ocrx_word' id='word_1_40' title='bbox 1753 404 1870 447; x_wconf 67' lang='lat' dir='ltr'>edens,</span> 
     </span>
     <span class='ocr_line' id='line_1_6' title="bbox 171 450 1871 495; baseline 0 -9"><span class='ocrx_word' id='word_1_41' title='bbox 171 453 267 487; x_wconf 83' lang='lat' dir='ltr'>foliis</span> <span class='ocrx_word' id='word_1_42' title='bbox 292 453 447 487; x_wconf 85' lang='lat' dir='ltr'>externis</span> <span class='ocrx_word' id='word_1_43' title='bbox 472 452 692 487; x_wconf 88' lang='lat' dir='ltr'>brevioribus</span> <span class='ocrx_word' id='word_1_44' title='bbox 717 462 823 495; x_wconf 85' lang='lat' dir='ltr'>scapo</span> <span class='ocrx_word' id='word_1_45' title='bbox 848 451 1034 485; x_wconf 88' lang='lat' dir='ltr'>latioribus</span> <span class='ocrx_word' id='word_1_46' title='bbox 1066 450 1181 494; x_wconf 84' lang='lat' dir='ltr'>planis</span> <span class='ocrx_word' id='word_1_47' title='bbox 1205 450 1464 495; x_wconf 87' lang='lat' dir='ltr'>subtrinerviis,</span> <span class='ocrx_word' id='word_1_48' title='bbox 1497 451 1624 486; x_wconf 88' lang='lat' dir='ltr'>ceteris</span> <span class='ocrx_word' id='word_1_49' title='bbox 1648 450 1871 486; x_wconf 86' lang='lat' dir='ltr'>filiformibus</span> 
     </span>
     <span class='ocr_line' id='line_1_7' title="bbox 170 497 1870 542; baseline -0.001 -8"><span class='ocrx_word' id='word_1_50' title='bbox 170 499 616 534; x_wconf 79' lang='lat' dir='ltr'>canaliculato-convolutis</span> <span class='ocrx_word' id='word_1_51' title='bbox 642 498 840 532; x_wconf 86' lang='lat' dir='ltr'>uniuerviis.</span> <span class='ocrx_word' id='word_1_52' title='bbox 894 497 1020 531; x_wconf 87' lang='lat' dir='ltr'>Variat</span> <span class='ocrx_word' id='word_1_53' title='bbox 1051 497 1135 531; x_wconf 90' lang='lat' dir='ltr'>tubo</span> <span class='ocrx_word' id='word_1_54' title='bbox 1169 497 1279 542; x_wconf 81' lang='lat' dir='ltr'>calyc.</span> <span class='ocrx_word' id='word_1_55' title='bbox 1312 497 1451 532; x_wconf 91' lang='lat' dir='ltr'>omnino</span> <span class='ocrx_word' id='word_1_56' title='bbox 1484 503 1519 532; x_wconf 84' lang='lat' dir='ltr'>et</span> <span class='ocrx_word' id='word_1_57' title='bbox 1548 497 1593 532; x_wconf 86' lang='lat' dir='ltr'>ad</span> <span class='ocrx_word' id='word_1_58' title='bbox 1617 503 1734 533; x_wconf 88' lang='lat' dir='ltr'>costas</span> <span class='ocrx_word' id='word_1_59' title='bbox 1759 498 1870 533; x_wconf 89' lang='lat' dir='ltr'>solum</span> 
     </span>
    </p>
   </div>
   <div class='ocr_carea' id='block_1_3' title="bbox 172 543 1872 777">
    <p class='ocr_par' dir='ltr' id='par_1_3' title="bbox 172 543 1104 591">
     <span class='ocr_line' id='line_1_8' title="bbox 172 543 1104 591; baseline -0.001 -11"><span class='ocrx_word' id='word_1_60' title='bbox 172 546 341 591; x_wconf 82' lang='lat' dir='ltr'>adpresse</span> <span class='ocrx_word' id='word_1_61' title='bbox 364 546 478 590; x_wconf 88' lang='lat' dir='ltr'>piloso</span> <span class='ocrx_word' id='word_1_62' title='bbox 505 547 563 581; x_wconf 89' lang='lat' dir='ltr'>(A.</span> <span class='ocrx_word' id='word_1_63' title='bbox 591 545 764 588; x_wconf 80' lang='lat' dir='ltr'>Bourgaei</span> <span class='ocrx_word' id='word_1_64' title='bbox 789 544 874 577; x_wconf 77' lang='lat' dir='ltr'>BSS.</span> <span class='ocrx_word' id='word_1_65' title='bbox 901 543 959 577; x_wconf 90' lang='lat' dir='ltr'>hb.</span> <span class='ocrx_word' id='word_1_66' title='bbox 985 543 1104 587; x_wconf 73' lang='lat' dir='ltr'>ined).</span> 
     </span>
    </p>

    <p class='ocr_par' dir='ltr' id='par_1_4' title="bbox 217 589 1872 777">
     <span class='ocr_line' id='line_1_9' title="bbox 266 589 1872 634; baseline 0 -9"><span class='ocrx_word' id='word_1_67' title='bbox 266 592 307 626; x_wconf 90' lang='lat' dir='ltr'>In</span> <span class='ocrx_word' id='word_1_68' title='bbox 339 593 510 634; x_wconf 80' lang='lat' dir='ltr'>glareosis</span> <span class='ocrx_word' id='word_1_69' title='bbox 543 592 696 634; x_wconf 65' lang='lat' dir='ltr'>regionis</span> <span class='ocrx_word' id='word_1_70' title='bbox 721 597 826 625; x_wconf 88' lang='lat' dir='ltr'>mont.</span> <span class='ocrx_word' id='word_1_71' title='bbox 852 595 888 624; x_wconf 80' lang='lat' dir='ltr'>et</span> <span class='ocrx_word' id='word_1_72' title='bbox 913 590 1085 634; x_wconf 88' lang='lat' dir='ltr'>subalpin.</span> <span class='ocrx_word' id='word_1_73' title='bbox 1112 589 1260 634; x_wconf 78' lang='lat' dir='ltr'><strong>Hispan.</strong></span> <span class='ocrx_word' id='word_1_74' title='bbox 1287 589 1432 625; x_wconf 85' lang='lat' dir='ltr'>austral.</span> <span class='ocrx_word' id='word_1_75' title='bbox 1466 590 1516 634; x_wconf 88' lang='lat' dir='ltr'>(in</span> <span class='ocrx_word' id='word_1_76' title='bbox 1541 590 1639 632; x_wconf 85' lang='lat' dir='ltr'>regni</span> <span class='ocrx_word' id='word_1_77' title='bbox 1664 589 1809 625; x_wconf 86' lang='lat' dir='ltr'>Granat.</span> <span class='ocrx_word' id='word_1_78' title='bbox 1836 596 1872 626; x_wconf 90' lang='lat' dir='ltr'>et</span> 
     </span>
     <span class='ocr_line' id='line_1_10' title="bbox 220 635 1871 681; baseline -0.001 -8"><span class='ocrx_word' id='word_1_79' title='bbox 220 638 332 673; x_wconf 85' lang='lat' dir='ltr'>Mure.</span> <span class='ocrx_word' id='word_1_80' title='bbox 356 640 462 674; x_wconf 80' lang='lat' dir='ltr'>molit.</span> <span class='ocrx_word' id='word_1_81' title='bbox 481 639 600 673; x_wconf 80' lang='lat' dir='ltr'>Sierra</span> <span class='ocrx_word' id='word_1_82' title='bbox 625 638 667 672; x_wconf 88' lang='lat' dir='ltr'>de</span> <span class='ocrx_word' id='word_1_83' title='bbox 685 638 815 681; x_wconf 70' lang='lat' dir='ltr'>Maria,</span> <span class='ocrx_word' id='word_1_84' title='bbox 842 636 943 681; x_wconf 54' lang='lat' dir='ltr'>WK„</span> <span class='ocrx_word' id='word_1_85' title='bbox 968 637 1069 672; x_wconf 82' lang='lat' dir='ltr'>FK.!.</span> <span class='ocrx_word' id='word_1_86' title='bbox 1095 636 1266 671; x_wconf 56' lang='lat' dir='ltr'>Bonna!</span> <span class='ocrx_word' id='word_1_87' title='bbox 1294 636 1326 670; x_wconf 81' lang='lat' dir='ltr'>S.</span> <span class='ocrx_word' id='word_1_88' title='bbox 1353 635 1396 671; x_wconf 87' lang='lat' dir='ltr'>de</span> <span class='ocrx_word' id='word_1_89' title='bbox 1413 636 1559 673; x_wconf 85' lang='lat' dir='ltr'>Huetor.</span> <span class='ocrx_word' id='word_1_90' title='bbox 1585 636 1672 672; x_wconf 67' lang='lat' dir='ltr'>PK!</span> <span class='ocrx_word' id='word_1_91' title='bbox 1699 643 1734 672; x_wconf 89' lang='lat' dir='ltr'>et</span> <span class='ocrx_word' id='word_1_92' title='bbox 1751 636 1871 672; x_wconf 82' lang='lat' dir='ltr'>Sicrra</span> 
     </span>
     <span class='ocr_line' id='line_1_11' title="bbox 219 682 1870 730; baseline -0.001 -10"><span class='ocrx_word' id='word_1_93' title='bbox 219 685 262 720; x_wconf 91' lang='lat' dir='ltr'>de</span> <span class='ocrx_word' id='word_1_94' title='bbox 287 685 456 730; x_wconf 68' lang='lat' dir='ltr'>Espui&#39;ia‚</span> <span class='ocrx_word' id='word_1_95' title='bbox 496 685 641 728; x_wconf 81' lang='lat' dir='ltr'>GU1R.!)</span> <span class='ocrx_word' id='word_1_96' title='bbox 680 694 743 718; x_wconf 89' lang='lat' dir='ltr'>nec</span> <span class='ocrx_word' id='word_1_97' title='bbox 774 695 842 718; x_wconf 89' lang='lat' dir='ltr'>non</span> <span class='ocrx_word' id='word_1_98' title='bbox 872 684 1005 718; x_wconf 87' lang='lat' dir='ltr'>boreal.</span> <span class='ocrx_word' id='word_1_99' title='bbox 1043 685 1092 722; x_wconf 91' lang='lat' dir='ltr'>(in</span> <span class='ocrx_word' id='word_1_100' title='bbox 1122 684 1245 718; x_wconf 85' lang='lat' dir='ltr'>Astur.</span> <span class='ocrx_word' id='word_1_101' title='bbox 1277 682 1321 717; x_wconf 88' lang='lat' dir='ltr'>ad</span> <span class='ocrx_word' id='word_1_102' title='bbox 1352 694 1524 718; x_wconf 90' lang='lat' dir='ltr'>summum</span> <span class='ocrx_word' id='word_1_103' title='bbox 1554 683 1678 727; x_wconf 83' lang='lat' dir='ltr'>jugum</span> <span class='ocrx_word' id='word_1_104' title='bbox 1711 683 1796 719; x_wconf 86' lang='lat' dir='ltr'>Pico</span> <span class='ocrx_word' id='word_1_105' title='bbox 1828 683 1870 719; x_wconf 88' lang='lat' dir='ltr'>de</span> 
     </span>
     <span class='ocr_line' id='line_1_12' title="bbox 217 729 1870 777; baseline -0.001 -10"><span class='ocrx_word' id='word_1_106' title='bbox 217 733 350 776; x_wconf 79' lang='lat' dir='ltr'>Arvas,</span> <span class='ocrx_word' id='word_1_107' title='bbox 382 732 500 777; x_wconf 52' lang='lat' dir='ltr'>DUR„</span> <span class='ocrx_word' id='word_1_108' title='bbox 535 732 570 765; x_wconf 89' lang='lat' dir='ltr'>in</span> <span class='ocrx_word' id='word_1_109' title='bbox 596 731 742 774; x_wconf 83' lang='lat' dir='ltr'>Legion.</span> <span class='ocrx_word' id='word_1_110' title='bbox 767 742 820 775; x_wconf 88' lang='lat' dir='ltr'>pr.</span> <span class='ocrx_word' id='word_1_111' title='bbox 846 730 1036 764; x_wconf 82' lang='lat' dir='ltr'>Manzanal</span> <span class='ocrx_word' id='word_1_112' title='bbox 1061 735 1095 765; x_wconf 87' lang='lat' dir='ltr'>et</span> <span class='ocrx_word' id='word_1_113' title='bbox 1120 730 1340 774; x_wconf 83' lang='lat' dir='ltr'>Benavente,</span> <span class='ocrx_word' id='word_1_114' title='bbox 1373 729 1516 774; x_wconf 82' lang='lat' dir='ltr'>LGE.!).</span> <span class='ocrx_word' id='word_1_115' title='bbox 1544 749 1588 753; x_wconf 90' lang='lat'>—</span> <span class='ocrx_word' id='word_1_116' title='bbox 1618 738 1642 770; x_wconf 69' lang='lat'>21</span> <span class='ocrx_word' id='word_1_117' title='bbox 1667 729 1870 765; x_wconf 85' lang='lat' dir='ltr'>Jun.—Jul.</span> 
     </span>
    </p>
   </div>
   <div class='ocr_carea' id='block_1_4' title="bbox 219 779 331 823">
    <p class='ocr_par' dir='ltr' id='par_1_5' title="bbox 219 779 331 823">
     <span class='ocr_line' id='line_1_13' title="bbox 219 779 331 823; baseline 0 -10"><span class='ocrx_word' id='word_1_118' title='bbox 219 779 260 823; x_wconf 92' lang='lat' dir='ltr'>(v.</span> <span class='ocrx_word' id='word_1_119' title='bbox 286 784 331 818; x_wconf 82' lang='lat' dir='ltr'>V.)</span> 
     </span>
    </p>
   </div>
   <div class='ocr_carea' id='block_1_5' title="bbox 172 845 1872 1405">
    <p class='ocr_par' dir='ltr' id='par_1_6' title="bbox 172 845 1872 1313">
     <span class='ocr_line' id='line_1_14' title="bbox 267 845 1870 890; baseline -0.001 -9"><span class='ocrx_word' id='word_1_120' title='bbox 267 849 370 881; x_wconf 83' lang='lat'>2170.</span> <span class='ocrx_word' id='word_1_121' title='bbox 417 849 466 881; x_wconf 85' lang='lat' dir='ltr'>A.</span> <span class='ocrx_word' id='word_1_122' title='bbox 493 849 748 888; x_wconf 80' lang='lat' dir='ltr'>Majellensis</span> <span class='ocrx_word' id='word_1_123' title='bbox 773 846 859 881; x_wconf 85' lang='lat' dir='ltr'>BSS.</span> <span class='ocrx_word' id='word_1_124' title='bbox 884 846 920 880; x_wconf 91' lang='lat' dir='ltr'>in</span> <span class='ocrx_word' id='word_1_125' title='bbox 943 845 1068 880; x_wconf 83' lang='lat' dir='ltr'>Prodr.</span> <span class='ocrx_word' id='word_1_126' title='bbox 1094 846 1116 880; x_wconf 93' lang='grc'>1.</span> <span class='ocrx_word' id='word_1_127' title='bbox 1142 857 1171 881; x_wconf 93' lang='lat' dir='ltr'>c.</span> <span class='ocrx_word' id='word_1_128' title='bbox 1197 858 1229 890; x_wconf 91' lang='lat' dir='ltr'>p.</span> <span class='ocrx_word' id='word_1_129' title='bbox 1257 846 1340 881; x_wconf 77' lang='lat'>685!</span> <span class='ocrx_word' id='word_1_130' title='bbox 1391 845 1537 887; x_wconf 82' lang='lat' dir='ltr'>Glabra,</span> <span class='ocrx_word' id='word_1_131' title='bbox 1562 845 1774 890; x_wconf 84' lang='lat' dir='ltr'>caespitosa‚</span> <span class='ocrx_word' id='word_1_132' title='bbox 1799 846 1870 881; x_wconf 90' lang='lat' dir='ltr'>rhi-</span> 
     </span>
     <span class='ocr_line' id='line_1_15' title="bbox 173 893 1868 938; baseline 0.001 -10"><span class='ocrx_word' id='word_1_133' title='bbox 173 895 320 929; x_wconf 84' lang='lat' dir='ltr'>zomatis</span> <span class='ocrx_word' id='word_1_134' title='bbox 351 894 475 936; x_wconf 81' lang='lat' dir='ltr'>lignosi</span> <span class='ocrx_word' id='word_1_135' title='bbox 500 894 606 929; x_wconf 85' lang='lat' dir='ltr'>ramis</span> <span class='ocrx_word' id='word_1_136' title='bbox 633 894 697 928; x_wconf 89' lang='lat' dir='ltr'>sub</span> <span class='ocrx_word' id='word_1_137' title='bbox 722 894 816 929; x_wconf 85' lang='lat' dir='ltr'>foliis</span> <span class='ocrx_word' id='word_1_138' title='bbox 841 894 976 936; x_wconf 82' lang='lat' dir='ltr'>vaginis</span> <span class='ocrx_word' id='word_1_139' title='bbox 1001 893 1273 938; x_wconf 80' lang='lat' dir='ltr'><strong>persistentibus</strong></span> <span class='ocrx_word' id='word_1_140' title='bbox 1309 893 1441 938; x_wconf 87' lang='lat' dir='ltr'>patulis</span> <span class='ocrx_word' id='word_1_141' title='bbox 1480 893 1677 936; x_wconf 83' lang='lat' dir='ltr'>squamosis</span> <span class='ocrx_word' id='word_1_142' title='bbox 1712 893 1868 938; x_wconf 82' lang='lat' dir='ltr'>vestitis;</span> 
     </span>
     <span class='ocr_line' id='line_1_16' title="bbox 173 939 1872 986; baseline 0 -11"><span class='ocrx_word' id='word_1_143' title='bbox 173 942 268 976; x_wconf 82' lang='lat' dir='ltr'>foliis</span> <span class='ocrx_word' id='word_1_144' title='bbox 292 941 585 986; x_wconf 83' lang='lat' dir='ltr'>patulo-recurvis</span> <span class='ocrx_word' id='word_1_145' title='bbox 613 940 774 975; x_wconf 84' lang='lat' dir='ltr'>brevibus</span> <span class='ocrx_word' id='word_1_146' title='bbox 800 940 939 983; x_wconf 79' lang='lat' dir='ltr'>rigidis,</span> <span class='ocrx_word' id='word_1_147' title='bbox 977 940 1163 975; x_wconf 84' lang='lat' dir='ltr'>latiuscule</span> <span class='ocrx_word' id='word_1_148' title='bbox 1195 940 1389 974; x_wconf 80' lang='lat' dir='ltr'>linearibus</span> <span class='ocrx_word' id='word_1_149' title='bbox 1414 939 1872 983; x_wconf 83' lang='lat' dir='ltr'>cartilagineo-marginatis</span> 
     </span>
     <span class='ocr_line' id='line_1_17' title="bbox 173 986 1870 1032; baseline -0.001 -10"><span class='ocrx_word' id='word_1_150' title='bbox 173 987 288 1032; x_wconf 84' lang='lat' dir='ltr'>planis</span> <span class='ocrx_word' id='word_1_151' title='bbox 313 987 556 1022; x_wconf 84' lang='lat' dir='ltr'>subtrinerviis</span> <span class='ocrx_word' id='word_1_152' title='bbox 580 988 734 1032; x_wconf 85' lang='lat' dir='ltr'>obtusis,</span> <span class='ocrx_word' id='word_1_153' title='bbox 767 987 896 1022; x_wconf 89' lang='lat' dir='ltr'>ceteris</span> <span class='ocrx_word' id='word_1_154' title='bbox 920 987 1183 1030; x_wconf 79' lang='lat' dir='ltr'>angustioribus</span> <span class='ocrx_word' id='word_1_155' title='bbox 1208 986 1603 1032; x_wconf 84' lang='lat' dir='ltr'>plicato-canaliculatis</span> <span class='ocrx_word' id='word_1_156' title='bbox 1629 986 1761 1031; x_wconf 83' lang='lat' dir='ltr'>acutis:</span> <span class='ocrx_word' id='word_1_157' title='bbox 1794 997 1870 1021; x_wconf 81' lang='lat' dir='ltr'>sca-</span> 
     </span>
     <span class='ocr_line' id='line_1_18' title="bbox 172 1033 1870 1079; baseline 0 -11"><span class='ocrx_word' id='word_1_158' title='bbox 172 1035 228 1079; x_wconf 86' lang='lat' dir='ltr'>pis</span> <span class='ocrx_word' id='word_1_159' title='bbox 261 1034 451 1076; x_wconf 77' lang='lat' dir='ltr'>gracilibus</span> <span class='ocrx_word' id='word_1_160' title='bbox 483 1036 597 1068; x_wconf 81' lang='lat'><strong><em>3—6‘¹</em></strong></span> <span class='ocrx_word' id='word_1_161' title='bbox 623 1035 664 1079; x_wconf 85' lang='lat'>1.,</span> <span class='ocrx_word' id='word_1_162' title='bbox 702 1034 828 1077; x_wconf 84' lang='lat' dir='ltr'>vagina</span> <span class='ocrx_word' id='word_1_163' title='bbox 874 1033 938 1077; x_wconf 72' lang='lat' dir='ltr'><strong><em>¹J2‘¹</em></strong></span> <span class='ocrx_word' id='word_1_164' title='bbox 965 1034 1006 1075; x_wconf 83' lang='lat'>1.‚</span> <span class='ocrx_word' id='word_1_165' title='bbox 1043 1034 1208 1078; x_wconf 84' lang='lat' dir='ltr'>capitulis</span> <span class='ocrx_word' id='word_1_166' title='bbox 1244 1033 1399 1077; x_wconf 66' lang='lat' dir='ltr'>maguisg</span> <span class='ocrx_word' id='word_1_167' title='bbox 1435 1033 1605 1067; x_wconf 83' lang='lat' dir='ltr'>involucri</span> <span class='ocrx_word' id='word_1_168' title='bbox 1642 1034 1870 1078; x_wconf 86' lang='lat' dir='ltr'>pauciseriati</span> 
     </span>
     <span class='ocr_line' id='line_1_19' title="bbox 173 1080 1869 1126; baseline 0 -12"><span class='ocrx_word' id='word_1_169' title='bbox 173 1081 305 1126; x_wconf 75' lang='lat' dir='ltr'>phyllis</span> <span class='ocrx_word' id='word_1_170' title='bbox 329 1080 462 1125; x_wconf 88' lang='lat' dir='ltr'>pallide</span> <span class='ocrx_word' id='word_1_171' title='bbox 496 1081 680 1123; x_wconf 69' lang='lat' dir='ltr'>brunneis,</span> <span class='ocrx_word' id='word_1_172' title='bbox 711 1082 863 1115; x_wconf 85' lang='lat' dir='ltr'>externis</span> <span class='ocrx_word' id='word_1_173' title='bbox 900 1081 1011 1115; x_wconf 89' lang='lat' dir='ltr'>ovatis</span> <span class='ocrx_word' id='word_1_174' title='bbox 1037 1081 1160 1115; x_wconf 88' lang='lat' dir='ltr'>obtuse</span> <span class='ocrx_word' id='word_1_175' title='bbox 1186 1080 1379 1125; x_wconf 85' lang='lat' dir='ltr'>cuspidatis</span> <span class='ocrx_word' id='word_1_176' title='bbox 1404 1080 1541 1114; x_wconf 85' lang='lat' dir='ltr'>interna</span> <span class='ocrx_word' id='word_1_177' title='bbox 1567 1080 1693 1114; x_wconf 86' lang='lat' dir='ltr'>obtusa</span> <span class='ocrx_word' id='word_1_178' title='bbox 1717 1080 1869 1115; x_wconf 84' lang='lat' dir='ltr'>breviter</span> 
     </span>
     <span class='ocr_line' id='line_1_20' title="bbox 172 1126 1870 1171; baseline 0 -10"><span class='ocrx_word' id='word_1_179' title='bbox 172 1133 378 1162; x_wconf 86' lang='lat' dir='ltr'>mucronata</span> <span class='ocrx_word' id='word_1_180' title='bbox 403 1140 432 1162; x_wconf 88' lang='lat' dir='ltr'>v.</span> <span class='ocrx_word' id='word_1_181' title='bbox 458 1129 590 1162; x_wconf 88' lang='lat' dir='ltr'>mutica</span> <span class='ocrx_word' id='word_1_182' title='bbox 623 1128 940 1171; x_wconf 77' lang='lat' dir='ltr'>subaequantibus,</span> <span class='ocrx_word' id='word_1_183' title='bbox 975 1127 1163 1162; x_wconf 87' lang='lat' dir='ltr'>bracteolis</span> <span class='ocrx_word' id='word_1_184' title='bbox 1193 1127 1344 1162; x_wconf 81' lang='lat' dir='ltr'>fructum</span> <span class='ocrx_word' id='word_1_185' title='bbox 1376 1127 1610 1170; x_wconf 83' lang='lat' dir='ltr'>aequantibus</span> <span class='ocrx_word' id='word_1_186' title='bbox 1635 1126 1739 1161; x_wconf 88' lang='lat' dir='ltr'>dorso</span> <span class='ocrx_word' id='word_1_187' title='bbox 1764 1137 1870 1171; x_wconf 81' lang='lat' dir='ltr'>saepe</span> 
     </span>
     <span class='ocr_line' id='line_1_21' title="bbox 172 1173 1870 1219; baseline -0.001 -11"><span class='ocrx_word' id='word_1_188' title='bbox 172 1175 525 1219; x_wconf 77' lang='lat' dir='ltr'>purpurascentibus3</span> <span class='ocrx_word' id='word_1_189' title='bbox 550 1174 723 1219; x_wconf 86' lang='lat' dir='ltr'>pedicello</span> <span class='ocrx_word' id='word_1_190' title='bbox 747 1174 878 1219; x_wconf 81' lang='lat' dir='ltr'>calycis</span> <span class='ocrx_word' id='word_1_191' title='bbox 903 1174 987 1208; x_wconf 84' lang='lat' dir='ltr'>tubo</span> <span class='ocrx_word' id='word_1_192' title='bbox 1012 1174 1056 1208; x_wconf 87' lang='lat' dir='ltr'>ad</span> <span class='ocrx_word' id='word_1_193' title='bbox 1083 1180 1200 1208; x_wconf 89' lang='lat' dir='ltr'>costas</span> <span class='ocrx_word' id='word_1_194' title='bbox 1226 1175 1339 1218; x_wconf 90' lang='lat' dir='ltr'>piloso</span> <span class='ocrx_word' id='word_1_195' title='bbox 1363 1174 1471 1218; x_wconf 86' lang='lat' dir='ltr'>triplo</span> <span class='ocrx_word' id='word_1_196' title='bbox 1495 1173 1664 1213; x_wconf 71' lang='lat' dir='ltr'>breviore,</span> <span class='ocrx_word' id='word_1_197' title='bbox 1691 1174 1775 1208; x_wconf 87' lang='lat' dir='ltr'>tubo</span> <span class='ocrx_word' id='word_1_198' title='bbox 1792 1174 1870 1208; x_wconf 87' lang='lat' dir='ltr'>basi</span> 
     </span>
     <span class='ocr_line' id='line_1_22' title="bbox 173 1219 1870 1266; baseline -0.001 -10"><span class='ocrx_word' id='word_1_199' title='bbox 173 1222 323 1266; x_wconf 82' lang='lat' dir='ltr'>abrupte</span> <span class='ocrx_word' id='word_1_200' title='bbox 347 1226 538 1264; x_wconf 78' lang='lat' dir='ltr'>attenuato,</span> <span class='ocrx_word' id='word_1_201' title='bbox 567 1222 664 1255; x_wconf 89' lang='lat' dir='ltr'>limbi</span> <span class='ocrx_word' id='word_1_202' title='bbox 689 1222 771 1255; x_wconf 90' lang='lat' dir='ltr'>tubo</span> <span class='ocrx_word' id='word_1_203' title='bbox 796 1221 1000 1265; x_wconf 83' lang='lat' dir='ltr'>aequilongi</span> <span class='ocrx_word' id='word_1_204' title='bbox 1025 1221 1112 1256; x_wconf 88' lang='lat' dir='ltr'>lobis</span> <span class='ocrx_word' id='word_1_205' title='bbox 1137 1221 1292 1256; x_wconf 83' lang='lat' dir='ltr'>breviter</span> <span class='ocrx_word' id='word_1_206' title='bbox 1317 1220 1594 1263; x_wconf 82' lang='lat' dir='ltr'>triangularibus</span> <span class='ocrx_word' id='word_1_207' title='bbox 1619 1219 1720 1262; x_wconf 81' lang='lat' dir='ltr'>longe</span> <span class='ocrx_word' id='word_1_208' title='bbox 1745 1221 1870 1255; x_wconf 79' lang='lat' dir='ltr'>arista-</span> 
     </span>
     <span class='ocr_line' id='line_1_23' title="bbox 173 1268 546 1313; baseline -0.003 -10"><span class='ocrx_word' id='word_1_209' title='bbox 173 1269 231 1313; x_wconf 78' lang='lat' dir='ltr'>tis,</span> <span class='ocrx_word' id='word_1_210' title='bbox 258 1268 400 1303; x_wconf 86' lang='lat' dir='ltr'>corollis</span> <span class='ocrx_word' id='word_1_211' title='bbox 426 1268 546 1303; x_wconf 88' lang='lat' dir='ltr'>roseis.</span> 
     </span>
    </p>

    <p class='ocr_par' dir='ltr' id='par_1_7' title="bbox 269 1311 1870 1358">
     <span class='ocr_line' id='line_1_24' title="bbox 269 1311 1870 1358; baseline -0.001 -10"><span class='ocrx_word' id='word_1_212' title='bbox 269 1314 310 1349; x_wconf 91' lang='lat' dir='ltr'>In</span> <span class='ocrx_word' id='word_1_213' title='bbox 343 1315 485 1349; x_wconf 86' lang='lat' dir='ltr'>incultis</span> <span class='ocrx_word' id='word_1_214' title='bbox 510 1314 663 1357; x_wconf 79' lang='lat' dir='ltr'>regionis</span> <span class='ocrx_word' id='word_1_215' title='bbox 687 1319 838 1348; x_wconf 86' lang='lat' dir='ltr'>montan.</span> <span class='ocrx_word' id='word_1_216' title='bbox 864 1313 1077 1358; x_wconf 75' lang='lat' dir='ltr'>Pyrenaeor.</span> <span class='ocrx_word' id='word_1_217' title='bbox 1103 1314 1258 1355; x_wconf 80' lang='lat' dir='ltr'>Aragon.</span> <span class='ocrx_word' id='word_1_218' title='bbox 1295 1312 1398 1357; x_wconf 90' lang='lat' dir='ltr'>(valle</span> <span class='ocrx_word' id='word_1_219' title='bbox 1431 1312 1473 1346; x_wconf 92' lang='lat' dir='ltr'>de</span> <span class='ocrx_word' id='word_1_220' title='bbox 1497 1311 1702 1356; x_wconf 83' lang='lat' dir='ltr'>Benasque‚</span> <span class='ocrx_word' id='word_1_221' title='bbox 1736 1312 1870 1358; x_wconf 85' lang='lat' dir='ltr'>ZETT.,</span> 
     </span>
    </p>

    <p class='ocr_par' dir='ltr' id='par_1_8' title="bbox 218 1358 1866 1405">
     <span class='ocr_line' id='line_1_25' title="bbox 218 1358 1866 1405; baseline -0.001 -9"><span class='ocrx_word' id='word_1_222' title='bbox 218 1361 412 1396; x_wconf 86' lang='lat' dir='ltr'>Castanesa</span> <span class='ocrx_word' id='word_1_223' title='bbox 437 1369 514 1405; x_wconf 69' lang='lat' dir='ltr'>etc,</span> <span class='ocrx_word' id='word_1_224' title='bbox 540 1362 671 1400; x_wconf 85' lang='lat' dir='ltr'>CSTA.)</span> <span class='ocrx_word' id='word_1_225' title='bbox 696 1367 730 1396; x_wconf 86' lang='lat' dir='ltr'>ct</span> <span class='ocrx_word' id='word_1_226' title='bbox 755 1360 867 1395; x_wconf 84' lang='lat' dir='ltr'>Catal.</span> <span class='ocrx_word' id='word_1_227' title='bbox 895 1368 1029 1399; x_wconf 79' lang='lat' dir='ltr'>(versus</span> <span class='ocrx_word' id='word_1_228' title='bbox 1054 1359 1173 1404; x_wconf 74' lang='lat' dir='ltr'>Ripoll</span> <span class='ocrx_word' id='word_1_229' title='bbox 1198 1371 1227 1394; x_wconf 86' lang='lat' dir='ltr'>c.</span> <span class='ocrx_word' id='word_1_230' title='bbox 1253 1360 1289 1393; x_wconf 88' lang='lat' dir='ltr'>la</span> <span class='ocrx_word' id='word_1_231' title='bbox 1313 1359 1379 1394; x_wconf 77' lang='lat' dir='ltr'>Pla</span> <span class='ocrx_word' id='word_1_232' title='bbox 1404 1358 1478 1394; x_wconf 84' lang='lat' dir='ltr'>dels</span> <span class='ocrx_word' id='word_1_233' title='bbox 1503 1358 1721 1404; x_wconf 74' lang='lat' dir='ltr'>Avellaners,</span> <span class='ocrx_word' id='word_1_234' title='bbox 1747 1359 1866 1394; x_wconf 88' lang='lat' dir='ltr'>SALV.</span> 
     </span>
    </p>
   </div>
   <div class='ocr_carea' id='block_1_6' title="bbox 219 1407 1371 1499">
    <p class='ocr_par' dir='ltr' id='par_1_9' title="bbox 219 1407 1371 1499">
     <span class='ocr_line' id='line_1_26' title="bbox 219 1407 1371 1451; baseline -0.003 -8"><span class='ocrx_word' id='word_1_235' title='bbox 219 1413 311 1443; x_wconf 83' lang='lat' dir='ltr'>teste</span> <span class='ocrx_word' id='word_1_236' title='bbox 337 1408 471 1450; x_wconf 53' lang='lat' dir='ltr'>CSTA„</span> <span class='ocrx_word' id='word_1_237' title='bbox 498 1408 672 1451; x_wconf 78' lang='lat' dir='ltr'>Setcasas7</span> <span class='ocrx_word' id='word_1_238' title='bbox 696 1407 860 1451; x_wconf 81' lang='lat' dir='ltr'>ISERN.).</span> <span class='ocrx_word' id='word_1_239' title='bbox 887 1427 931 1431; x_wconf 93' lang='lat'><strong>—</strong></span> <span class='ocrx_word' id='word_1_240' title='bbox 958 1414 980 1446; x_wconf 68' lang='lat' dir='ltr'>zi</span> <span class='ocrx_word' id='word_1_241' title='bbox 1007 1407 1219 1450; x_wconf 55' lang='lat' dir='ltr'>‹lut—Aug.</span> <span class='ocrx_word' id='word_1_242' title='bbox 1255 1408 1300 1450; x_wconf 80' lang='grc' dir='ltr'>(ιι.</span> <span class='ocrx_word' id='word_1_243' title='bbox 1326 1412 1371 1447; x_wconf 86' lang='lat' dir='ltr'>v.)</span> 
     </span>
     <span class='ocr_line' id='line_1_27' title="bbox 263 1454 941 1499; baseline -0.001 -10"><span class='ocrx_word' id='word_1_244' title='bbox 263 1455 354 1489; x_wconf 89' lang='lat' dir='ltr'>Hab.</span> <span class='ocrx_word' id='word_1_245' title='bbox 380 1455 416 1489; x_wconf 92' lang='lat' dir='ltr'>in</span> <span class='ocrx_word' id='word_1_246' title='bbox 440 1460 546 1490; x_wconf 88' lang='lat' dir='ltr'>mont.</span> <span class='ocrx_word' id='word_1_247' title='bbox 577 1454 677 1498; x_wconf 82' lang='lat' dir='ltr'>regni</span> <span class='ocrx_word' id='word_1_248' title='bbox 702 1454 941 1499; x_wconf 82' lang='lat' dir='ltr'>Neapolitani.</span> 
     </span>
    </p>
   </div>
   <div class='ocr_carea' id='block_1_7' title="bbox 161 1532 1867 2848">
    <p class='ocr_par' dir='ltr' id='par_1_10' title="bbox 161 1532 1867 2848">
     <span class='ocr_line' id='line_1_28' title="bbox 286 1532 1866 1588; baseline -0.003 -11"><span class='ocrx_word' id='word_1_249' title='bbox 286 1536 653 1577; x_wconf 89' lang='lat' dir='ltr'>CCCCLXXXVllI.</span> <span class='ocrx_word' id='word_1_250' title='bbox 716 1536 926 1576; x_wconf 88' lang='lat' dir='ltr'><strong>STATICE</strong></span> <span class='ocrx_word' id='word_1_251' title='bbox 951 1537 1094 1577; x_wconf 75' lang='lat' dir='ltr'>Wlm).</span> <span class='ocrx_word' id='word_1_252' title='bbox 1117 1535 1242 1576; x_wconf 90' lang='lat' dir='ltr'>Enum</span> <span class='ocrx_word' id='word_1_253' title='bbox 1277 1536 1327 1588; x_wconf 89' lang='lat' dir='ltr'>pl.</span> <span class='ocrx_word' id='word_1_254' title='bbox 1352 1535 1388 1574; x_wconf 86' lang='lat' dir='ltr'>b.</span> <span class='ocrx_word' id='word_1_255' title='bbox 1412 1534 1542 1576; x_wconf 87' lang='lat' dir='ltr'>Berol.</span> <span class='ocrx_word' id='word_1_256' title='bbox 1578 1547 1617 1586; x_wconf 88' lang='lat' dir='ltr'>p.</span> <span class='ocrx_word' id='word_1_257' title='bbox 1643 1532 1738 1576; x_wconf 78' lang='lat'><strong>333.</strong></span> <span class='ocrx_word' id='word_1_258' title='bbox 1781 1533 1866 1574; x_wconf 91' lang='lat' dir='ltr'>Bss.</span> 
     </span>
     <span class='ocr_line' id='line_1_29' title="bbox 170 1593 1865 1648; baseline -0.001 -13"><span class='ocrx_word' id='word_1_259' title='bbox 170 1596 193 1637; x_wconf 86' lang='lat' dir='ltr'>l.</span> <span class='ocrx_word' id='word_1_260' title='bbox 227 1608 258 1634; x_wconf 89' lang='lat' dir='ltr'>c.</span> <span class='ocrx_word' id='word_1_261' title='bbox 304 1609 339 1648; x_wconf 88' lang='lat' dir='ltr'>p.</span> <span class='ocrx_word' id='word_1_262' title='bbox 374 1593 480 1635; x_wconf 69' lang='lat'>634!</span> <span class='ocrx_word' id='word_1_263' title='bbox 542 1595 680 1634; x_wconf 89' lang='lat' dir='ltr'>Flores</span> <span class='ocrx_word' id='word_1_264' title='bbox 714 1595 960 1634; x_wconf 86' lang='lat' dir='ltr'>subsessiles</span> <span class='ocrx_word' id='word_1_265' title='bbox 1001 1595 1039 1633; x_wconf 91' lang='lat' dir='ltr'>in</span> <span class='ocrx_word' id='word_1_266' title='bbox 1075 1595 1249 1647; x_wconf 87' lang='lat' dir='ltr'>spiculas</span> <span class='ocrx_word' id='word_1_267' title='bbox 1284 1605 1402 1632; x_wconf 89' lang='lat' dir='ltr'>secus</span> <span class='ocrx_word' id='word_1_268' title='bbox 1435 1605 1569 1633; x_wconf 87' lang='lat' dir='ltr'>ramos</span> <span class='ocrx_word' id='word_1_269' title='bbox 1605 1593 1713 1644; x_wconf 90' lang='lat' dir='ltr'>scapi</span> <span class='ocrx_word' id='word_1_270' title='bbox 1747 1604 1865 1645; x_wconf 88' lang='lat' dir='ltr'>squa-</span> 
     </span>
     <span class='ocr_line' id='line_1_30' title="bbox 171 1650 1865 1705; baseline -0.002 -13"><span class='ocrx_word' id='word_1_271' title='bbox 171 1654 260 1693; x_wconf 88' lang='lat' dir='ltr'>mati</span> <span class='ocrx_word' id='word_1_272' title='bbox 303 1653 412 1693; x_wconf 86' lang='lat' dir='ltr'>vario</span> <span class='ocrx_word' id='word_1_273' title='bbox 456 1652 574 1692; x_wconf 89' lang='lat' dir='ltr'>modo</span> <span class='ocrx_word' id='word_1_274' title='bbox 616 1653 830 1705; x_wconf 82' lang='lat' dir='ltr'>dispositas</span> <span class='ocrx_word' id='word_1_275' title='bbox 873 1653 1071 1705; x_wconf 77' lang='lat' dir='ltr'>congesti.</span> <span class='ocrx_word' id='word_1_276' title='bbox 1135 1652 1318 1704; x_wconf 86' lang='lat' dir='ltr'>Spiculae</span> <span class='ocrx_word' id='word_1_277' title='bbox 1355 1650 1639 1704; x_wconf 67' lang='lat' dir='ltr'>‘l—pluriflorae</span> <span class='ocrx_word' id='word_1_278' title='bbox 1672 1650 1718 1689; x_wconf 90' lang='lat' dir='ltr'>ad</span> <span class='ocrx_word' id='word_1_279' title='bbox 1753 1651 1865 1689; x_wconf 87' lang='lat' dir='ltr'>basin</span> 
     </span>
     <span class='ocr_line' id='line_1_31' title="bbox 169 1709 1866 1763; baseline -0.002 -13"><span class='ocrx_word' id='word_1_280' title='bbox 169 1712 342 1750; x_wconf 81' lang='lat' dir='ltr'>bracteis</span> <span class='ocrx_word' id='word_1_281' title='bbox 367 1709 391 1751; x_wconf 88' lang='lat'>3</span> <span class='ocrx_word' id='word_1_282' title='bbox 415 1711 525 1763; x_wconf 82' lang='lat' dir='ltr'>(raro</span> <span class='ocrx_word' id='word_1_283' title='bbox 550 1709 592 1755; x_wconf 77' lang='lat'>2)</span> <span class='ocrx_word' id='word_1_284' title='bbox 625 1712 792 1762; x_wconf 81' lang='lat' dir='ltr'>cinctae,</span> <span class='ocrx_word' id='word_1_285' title='bbox 828 1712 987 1751; x_wconf 77' lang='lat' dir='ltr'>bractea</span> <span class='ocrx_word' id='word_1_286' title='bbox 1020 1711 1211 1750; x_wconf 88' lang='lat' dir='ltr'>interiore</span> <span class='ocrx_word' id='word_1_287' title='bbox 1246 1710 1331 1749; x_wconf 83' lang='lat' dir='ltr'>aliis</span> <span class='ocrx_word' id='word_1_288' title='bbox 1366 1721 1525 1761; x_wconf 82' lang='lat' dir='ltr'>semper</span> <span class='ocrx_word' id='word_1_289' title='bbox 1559 1709 1681 1748; x_wconf 89' lang='lat' dir='ltr'>multo</span> <span class='ocrx_word' id='word_1_290' title='bbox 1715 1710 1866 1761; x_wconf 84' lang='lat' dir='ltr'>majore</span> 
     </span>
     <span class='ocr_line' id='line_1_32' title="bbox 168 1766 1866 1821; baseline -0.002 -13"><span class='ocrx_word' id='word_1_291' title='bbox 168 1769 288 1809; x_wconf 85' lang='lat' dir='ltr'>flores</span> <span class='ocrx_word' id='word_1_292' title='bbox 330 1769 575 1809; x_wconf 80' lang='lat' dir='ltr'>includente.</span> <span class='ocrx_word' id='word_1_293' title='bbox 639 1768 762 1821; x_wconf 84' lang='lat' dir='ltr'>Calyx</span> <span class='ocrx_word' id='word_1_294' title='bbox 806 1769 1022 1809; x_wconf 86' lang='lat' dir='ltr'>obconicus</span> <span class='ocrx_word' id='word_1_295' title='bbox 1065 1769 1276 1808; x_wconf 91' lang='lat' dir='ltr'>tubulosus</span> <span class='ocrx_word' id='word_1_296' title='bbox 1320 1780 1355 1808; x_wconf 84' lang='grc' dir='ltr'>ν.</span> <span class='ocrx_word' id='word_1_297' title='bbox 1401 1767 1563 1819; x_wconf 85' lang='lat' dir='ltr'>saepius</span> <span class='ocrx_word' id='word_1_298' title='bbox 1606 1766 1866 1806; x_wconf 76' lang='lat' dir='ltr'>infundibuli-</span> 
     </span>
     <span class='ocr_line' id='line_1_33' title="bbox 169 1824 1865 1879; baseline -0.002 -13"><span class='ocrx_word' id='word_1_299' title='bbox 169 1828 330 1877; x_wconf 85' lang='lat' dir='ltr'>l&#39;ormis,</span> <span class='ocrx_word' id='word_1_300' title='bbox 374 1827 470 1866; x_wconf 88' lang='lat' dir='ltr'>tubo</span> <span class='ocrx_word' id='word_1_301' title='bbox 504 1831 756 1879; x_wconf 82' lang='lat' dir='ltr'>pentagono,</span> <span class='ocrx_word' id='word_1_302' title='bbox 797 1827 916 1866; x_wconf 80' lang='lat' dir='ltr'>limbo</span> <span class='ocrx_word' id='word_1_303' title='bbox 948 1827 1127 1866; x_wconf 84' lang='lat' dir='ltr'>scarioso</span> <span class='ocrx_word' id='word_1_304' title='bbox 1161 1826 1321 1866; x_wconf 82' lang='lat' dir='ltr'>5-nervi</span> <span class='ocrx_word' id='word_1_305' title='bbox 1355 1825 1686 1877; x_wconf 80' lang='lat' dir='ltr'>5——10-partito,</span> <span class='ocrx_word' id='word_1_306' title='bbox 1729 1824 1865 1863; x_wconf 89' lang='lat' dir='ltr'>inser—</span> 
     </span>
     <span class='ocr_line' id='line_1_34' title="bbox 169 1882 1865 1937; baseline -0.002 -13"><span class='ocrx_word' id='word_1_307' title='bbox 169 1886 277 1924; x_wconf 87' lang='lat' dir='ltr'>tione</span> <span class='ocrx_word' id='word_1_308' title='bbox 311 1885 470 1924; x_wconf 87' lang='lat' dir='ltr'>basilari</span> <span class='ocrx_word' id='word_1_309' title='bbox 502 1889 568 1924; x_wconf 89' lang='lat' dir='ltr'>aut</span> <span class='ocrx_word' id='word_1_310' title='bbox 600 1885 758 1937; x_wconf 85' lang='lat' dir='ltr'>obliqua</span> <span class='ocrx_word' id='word_1_311' title='bbox 791 1890 857 1924; x_wconf 89' lang='lat' dir='ltr'>aut</span> <span class='ocrx_word' id='word_1_312' title='bbox 889 1890 1012 1935; x_wconf 86' lang='lat' dir='ltr'>recta,</span> <span class='ocrx_word' id='word_1_313' title='bbox 1047 1885 1166 1925; x_wconf 83' lang='lat' dir='ltr'>limbo</span> <span class='ocrx_word' id='word_1_314' title='bbox 1190 1884 1455 1924; x_wconf 86' lang='lat' dir='ltr'>aestivatione</span> <span class='ocrx_word' id='word_1_315' title='bbox 1490 1883 1645 1935; x_wconf 83' lang='lat' dir='ltr'>plicato,</span> <span class='ocrx_word' id='word_1_316' title='bbox 1709 1882 1865 1922; x_wconf 86' lang='lat' dir='ltr'>Corolla</span> 
     </span>
     <span class='ocr_line' id='line_1_35' title="bbox 168 1940 1867 1994; baseline -0.002 -13"><span class='ocrx_word' id='word_1_317' title='bbox 168 1956 203 1984; x_wconf 85' lang='lat' dir='ltr'>v.</span> <span class='ocrx_word' id='word_1_318' title='bbox 235 1955 365 1994; x_wconf 81' lang='lat' dir='ltr'>usque</span> <span class='ocrx_word' id='word_1_319' title='bbox 399 1943 445 1981; x_wconf 87' lang='lat' dir='ltr'>ad</span> <span class='ocrx_word' id='word_1_320' title='bbox 479 1943 665 1991; x_wconf 85' lang='lat' dir='ltr'>limbum,</span> <span class='ocrx_word' id='word_1_321' title='bbox 712 1955 745 1982; x_wconf 89' lang='lat' dir='ltr'>v.</span> <span class='ocrx_word' id='word_1_322' title='bbox 789 1944 863 1982; x_wconf 85' lang='lat' dir='ltr'>ima</span> <span class='ocrx_word' id='word_1_323' title='bbox 897 1943 980 1982; x_wconf 84' lang='lat' dir='ltr'>basi</span> <span class='ocrx_word' id='word_1_324' title='bbox 1015 1947 1162 1981; x_wconf 87' lang='lat' dir='ltr'>tantum</span> <span class='ocrx_word' id='word_1_325' title='bbox 1197 1947 1237 1981; x_wconf 91' lang='lat' dir='ltr'>et</span> <span class='ocrx_word' id='word_1_326' title='bbox 1270 1941 1484 1982; x_wconf 87' lang='lat' dir='ltr'>annulatim</span> <span class='ocrx_word' id='word_1_327' title='bbox 1518 1940 1792 1993; x_wconf 80' lang='lat' dir='ltr'>gamopetala,</span> <span class='ocrx_word' id='word_1_328' title='bbox 1833 1951 1867 1978; x_wconf 89' lang='lat' dir='ltr'>v.</span> 
     </span>
     <span class='ocr_line' id='line_1_36' title="bbox 168 1998 1864 2052; baseline -0.001 -13"><span class='ocrx_word' id='word_1_329' title='bbox 168 2001 329 2040; x_wconf 90' lang='lat' dir='ltr'>omnino</span> <span class='ocrx_word' id='word_1_330' title='bbox 368 2000 625 2052; x_wconf 82' lang='lat' dir='ltr'>pleiopetala,</span> <span class='ocrx_word' id='word_1_331' title='bbox 673 2002 936 2040; x_wconf 82' lang='lat' dir='ltr'>acstivatione</span> <span class='ocrx_word' id='word_1_332' title='bbox 977 2005 1178 2049; x_wconf 68' lang='lat' dir='ltr'>contorta,</span> <span class='ocrx_word' id='word_1_333' title='bbox 1223 2005 1313 2052; x_wconf 87' lang='lat' dir='ltr'>post</span> <span class='ocrx_word' id='word_1_334' title='bbox 1356 1999 1539 2038; x_wconf 88' lang='lat' dir='ltr'>antbesin</span> <span class='ocrx_word' id='word_1_335' title='bbox 1586 1998 1745 2050; x_wconf 83' lang='lat' dir='ltr'>saepius</span> <span class='ocrx_word' id='word_1_336' title='bbox 1777 2009 1864 2037; x_wconf 84' lang='lat' dir='ltr'>cor-</span> 
     </span>
     <span class='ocr_line' id='line_1_37' title="bbox 167 2055 1864 2108; baseline -0.002 -11"><span class='ocrx_word' id='word_1_337' title='bbox 167 2058 309 2098; x_wconf 81' lang='lat' dir='ltr'>culata.</span> <span class='ocrx_word' id='word_1_338' title='bbox 372 2058 588 2097; x_wconf 89' lang='lat' dir='ltr'>Filamcnta</span> <span class='ocrx_word' id='word_1_339' title='bbox 631 2058 704 2096; x_wconf 89' lang='lat' dir='ltr'>ima</span> <span class='ocrx_word' id='word_1_340' title='bbox 746 2059 923 2098; x_wconf 86' lang='lat' dir='ltr'>corollae</span> <span class='ocrx_word' id='word_1_341' title='bbox 964 2058 1048 2098; x_wconf 87' lang='lat' dir='ltr'>basi</span> <span class='ocrx_word' id='word_1_342' title='bbox 1094 2059 1255 2098; x_wconf 72' lang='lat' dir='ltr'>inserta.</span> <span class='ocrx_word' id='word_1_343' title='bbox 1319 2057 1415 2108; x_wconf 76' lang='lat' dir='ltr'>Styli</span> <span class='ocrx_word' id='word_1_344' title='bbox 1456 2057 1570 2097; x_wconf 88' lang='lat' dir='ltr'>liberi</span> <span class='ocrx_word' id='word_1_345' title='bbox 1605 2069 1639 2095; x_wconf 90' lang='lat' dir='ltr'>v.</span> <span class='ocrx_word' id='word_1_346' title='bbox 1673 2057 1747 2096; x_wconf 89' lang='lat' dir='ltr'>ima</span> <span class='ocrx_word' id='word_1_347' title='bbox 1780 2055 1864 2095; x_wconf 90' lang='lat' dir='ltr'>basi</span> 
     </span>
     <span class='ocr_line' id='line_1_38' title="bbox 167 2113 1864 2167; baseline -0.002 -12"><span class='ocrx_word' id='word_1_348' title='bbox 167 2116 325 2165; x_wconf 83' lang='lat' dir='ltr'>coaliti,</span> <span class='ocrx_word' id='word_1_349' title='bbox 371 2115 522 2167; x_wconf 76' lang='lat' dir='ltr'>glabri,</span> <span class='ocrx_word' id='word_1_350' title='bbox 570 2114 799 2165; x_wconf 71' lang='lat' dir='ltr'>filifmmes,</span> <span class='ocrx_word' id='word_1_351' title='bbox 846 2117 883 2155; x_wconf 91' lang='lat' dir='ltr'>in</span> <span class='ocrx_word' id='word_1_352' title='bbox 930 2117 1114 2167; x_wconf 70' lang='lat' dir='ltr'>stigmata</span> <span class='ocrx_word' id='word_1_353' title='bbox 1163 2114 1588 2165; x_wconf 78' lang='lat' dir='ltr'>lilii&#39;ormi-cylindrica</span> <span class='ocrx_word' id='word_1_354' title='bbox 1628 2113 1864 2167; x_wconf 82' lang='lat' dir='ltr'>glandulosa</span> 
     </span>
     <span class='ocr_line' id='line_1_39' title="bbox 166 2172 1862 2226; baseline -0.002 -14"><span class='ocrx_word' id='word_1_355' title='bbox 166 2173 366 2214; x_wconf 84' lang='lat' dir='ltr'>abeuntia.</span> <span class='ocrx_word' id='word_1_356' title='bbox 454 2172 651 2212; x_wconf 83' lang='lat' dir='ltr'>Utriculus</span> <span class='ocrx_word' id='word_1_357' title='bbox 701 2179 811 2224; x_wconf 85' lang='lat' dir='ltr'>parte</span> <span class='ocrx_word' id='word_1_358' title='bbox 868 2175 1078 2226; x_wconf 72' lang='lat' dir='ltr'>superiore</span> <span class='ocrx_word' id='word_1_359' title='bbox 1137 2173 1273 2212; x_wconf 84' lang='lat' dir='ltr'>durior</span> <span class='ocrx_word' id='word_1_360' title='bbox 1329 2172 1610 2222; x_wconf 81' lang='lat' dir='ltr'>indeliiscens,</span> <span class='ocrx_word' id='word_1_361' title='bbox 1670 2172 1862 2211; x_wconf 80' lang='lat' dir='ltr'>inferiore</span> 
     </span>
     <span class='ocr_line' id='line_1_40' title="bbox 165 2226 1863 2283; baseline -0.001 -14"><span class='ocrx_word' id='word_1_362' title='bbox 165 2232 326 2270; x_wconf 88' lang='lat' dir='ltr'>tenuior</span> <span class='ocrx_word' id='word_1_363' title='bbox 358 2230 711 2280; x_wconf 84' lang='lat' dir='ltr'>membranaceus,</span> <span class='ocrx_word' id='word_1_364' title='bbox 755 2231 983 2271; x_wconf 84' lang='lat' dir='ltr'>membrana</span> <span class='ocrx_word' id='word_1_365' title='bbox 1017 2231 1299 2283; x_wconf 83' lang='lat' dir='ltr'>irregulariter</span> <span class='ocrx_word' id='word_1_366' title='bbox 1337 2226 1491 2282; x_wconf 83' lang='lat' dir='ltr'>ruptili,</span> <span class='ocrx_word' id='word_1_367' title='bbox 1532 2241 1652 2281; x_wconf 82' lang='lat' dir='ltr'>saepe</span> <span class='ocrx_word' id='word_1_368' title='bbox 1697 2230 1863 2282; x_wconf 89' lang='lat' dir='ltr'>insuper</span> 
     </span>
     <span class='ocr_line' id='line_1_41' title="bbox 167 2287 1864 2341; baseline -0.001 -13"><span class='ocrx_word' id='word_1_369' title='bbox 167 2289 428 2328; x_wconf 81' lang='lat' dir='ltr'>subvalvatim</span> <span class='ocrx_word' id='word_1_370' title='bbox 462 2288 594 2338; x_wconf 82' lang='lat' dir='ltr'>fissili,</span> <span class='ocrx_word' id='word_1_371' title='bbox 640 2289 770 2328; x_wconf 89' lang='lat' dir='ltr'>rarius</span> <span class='ocrx_word' id='word_1_372' title='bbox 812 2290 972 2341; x_wconf 80' lang='lat' dir='ltr'>capsula</span> <span class='ocrx_word' id='word_1_373' title='bbox 1018 2289 1200 2341; x_wconf 81' lang='lat' dir='ltr'>pyxidata</span> <span class='ocrx_word' id='word_1_374' title='bbox 1234 2288 1344 2340; x_wconf 84' lang='lat' dir='ltr'>apice</span> <span class='ocrx_word' id='word_1_375' title='bbox 1379 2292 1629 2340; x_wconf 86' lang='lat' dir='ltr'>pentagona,</span> <span class='ocrx_word' id='word_1_376' title='bbox 1675 2287 1864 2339; x_wconf 88' lang='lat' dir='ltr'>operculo</span> 
     </span>
     <span class='ocr_line' id='line_1_42' title="bbox 165 2345 1862 2398; baseline -0.001 -12"><span class='ocrx_word' id='word_1_377' title='bbox 165 2347 211 2386; x_wconf 86' lang='lat' dir='ltr'>ad</span> <span class='ocrx_word' id='word_1_378' title='bbox 247 2346 440 2398; x_wconf 75' lang='lat' dir='ltr'>stylorum</span> <span class='ocrx_word' id='word_1_379' title='bbox 476 2347 585 2385; x_wconf 88' lang='lat' dir='ltr'>basin</span> <span class='ocrx_word' id='word_1_380' title='bbox 620 2347 902 2390; x_wconf 85' lang='lat' dir='ltr'>circumscisse</span> <span class='ocrx_word' id='word_1_381' title='bbox 938 2347 1120 2387; x_wconf 86' lang='lat' dir='ltr'>deciduo.</span> <span class='ocrx_word' id='word_1_382' title='bbox 1142 2370 1199 2374; x_wconf 91' lang='lat'>—</span> <span class='ocrx_word' id='word_1_383' title='bbox 1220 2346 1375 2385; x_wconf 82' lang='lat' dir='ltr'>Herbae</span> <span class='ocrx_word' id='word_1_384' title='bbox 1408 2356 1610 2397; x_wconf 74' lang='lat' dir='ltr'>perennes</span> <span class='ocrx_word' id='word_1_385' title='bbox 1642 2345 1862 2385; x_wconf 84' lang='lat' dir='ltr'>rbizomatc</span> 
     </span>
     <span class='ocr_line' id='line_1_43' title="bbox 166 2403 1861 2455; baseline -0.001 -12"><span class='ocrx_word' id='word_1_386' title='bbox 166 2404 266 2444; x_wconf 89' lang='lat' dir='ltr'>duro</span> <span class='ocrx_word' id='word_1_387' title='bbox 297 2405 480 2454; x_wconf 75' lang='lat' dir='ltr'>donatae,</span> <span class='ocrx_word' id='word_1_388' title='bbox 514 2405 923 2455; x_wconf 72' lang='lat' dir='ltr'>rarissime-annuae,</span> <span class='ocrx_word' id='word_1_389' title='bbox 957 2405 1019 2444; x_wconf 86' lang='lat' dir='ltr'>vel</span> <span class='ocrx_word' id='word_1_390' title='bbox 1047 2404 1275 2444; x_wconf 81' lang='lat' dir='ltr'>suffrutices</span> <span class='ocrx_word' id='word_1_391' title='bbox 1299 2403 1469 2443; x_wconf 81' lang='lat' dir='ltr'>humiles</span> <span class='ocrx_word' id='word_1_392' title='bbox 1493 2403 1723 2455; x_wconf 87' lang='lat' dir='ltr'>caespitosi,</span> <span class='ocrx_word' id='word_1_393' title='bbox 1758 2403 1861 2443; x_wconf 84' lang='lat' dir='ltr'>foliis</span> 
     </span>
     <span class='ocr_line' id='line_1_44' title="bbox 165 2461 1861 2514; baseline 0 -13"><span class='ocrx_word' id='word_1_394' title='bbox 165 2463 347 2501; x_wconf 89' lang='lat' dir='ltr'>omnibus</span> <span class='ocrx_word' id='word_1_395' title='bbox 383 2462 620 2501; x_wconf 85' lang='lat' dir='ltr'>basilaribus</span> <span class='ocrx_word' id='word_1_396' title='bbox 653 2462 841 2502; x_wconf 87' lang='lat' dir='ltr'>rosulatis</span> <span class='ocrx_word' id='word_1_397' title='bbox 875 2463 961 2514; x_wconf 92' lang='lat' dir='ltr'>plus</span> <span class='ocrx_word' id='word_1_398' title='bbox 995 2463 1123 2501; x_wconf 90' lang='lat' dir='ltr'>minus</span> <span class='ocrx_word' id='word_1_399' title='bbox 1156 2462 1351 2501; x_wconf 86' lang='lat' dir='ltr'>coriaceis</span> <span class='ocrx_word' id='word_1_400' title='bbox 1383 2474 1475 2502; x_wconf 87' lang='lat' dir='ltr'>raro</span> <span class='ocrx_word' id='word_1_401' title='bbox 1508 2461 1683 2512; x_wconf 89' lang='lat' dir='ltr'>teneris,</span> <span class='ocrx_word' id='word_1_402' title='bbox 1731 2461 1861 2513; x_wconf 89' lang='lat' dir='ltr'>scapis</span> 
     </span>
     <span class='ocr_line' id='line_1_45' title="bbox 165 2519 1861 2572; baseline 0.001 -14"><span class='ocrx_word' id='word_1_403' title='bbox 165 2521 358 2559; x_wconf 82' lang='lat' dir='ltr'>teretibus</span> <span class='ocrx_word' id='word_1_404' title='bbox 406 2520 604 2572; x_wconf 81' lang='lat' dir='ltr'>angulatis</span> <span class='ocrx_word' id='word_1_405' title='bbox 653 2520 820 2560; x_wconf 84' lang='lat' dir='ltr'>alatisve</span> <span class='ocrx_word' id='word_1_406' title='bbox 865 2522 1035 2560; x_wconf 84' lang='lat' dir='ltr'>ramosis</span> <span class='ocrx_word' id='word_1_407' title='bbox 1081 2532 1203 2572; x_wconf 80' lang='lat' dir='ltr'>saepe</span> <span class='ocrx_word' id='word_1_408' title='bbox 1257 2520 1481 2560; x_wconf 81' lang='lat' dir='ltr'>dicliotome</span> <span class='ocrx_word' id='word_1_409' title='bbox 1527 2532 1561 2559; x_wconf 92' lang='lat' dir='ltr'>v.</span> <span class='ocrx_word' id='word_1_410' title='bbox 1608 2519 1861 2571; x_wconf 85' lang='lat' dir='ltr'>paniculato-</span> 
     </span>
     <span class='ocr_line' id='line_1_46' title="bbox 165 2577 1860 2631; baseline 0.001 -17"><span class='ocrx_word' id='word_1_411' title='bbox 165 2578 475 2628; x_wconf 80' lang='lat' dir='ltr'>ramosissimis,</span> <span class='ocrx_word' id='word_1_412' title='bbox 516 2579 563 2616; x_wconf 84' lang='lat' dir='ltr'>ad</span> <span class='ocrx_word' id='word_1_413' title='bbox 606 2590 803 2618; x_wconf 86' lang='lat' dir='ltr'>ramorum</span> <span class='ocrx_word' id='word_1_414' title='bbox 848 2584 975 2618; x_wconf 89' lang='lat' dir='ltr'>ortum</span> <span class='ocrx_word' id='word_1_415' title='bbox 1013 2589 1198 2631; x_wconf 84' lang='lat' dir='ltr'>squamas</span> <span class='ocrx_word' id='word_1_416' title='bbox 1231 2579 1439 2618; x_wconf 79' lang='lat' dir='ltr'>coriaceas</span> <span class='ocrx_word' id='word_1_417' title='bbox 1473 2590 1506 2615; x_wconf 93' lang='lat' dir='ltr'>v.</span> <span class='ocrx_word' id='word_1_418' title='bbox 1540 2577 1739 2616; x_wconf 87' lang='lat' dir='ltr'>scariosas</span> <span class='ocrx_word' id='word_1_419' title='bbox 1773 2588 1860 2616; x_wconf 85' lang='lat' dir='ltr'>sae·</span> 
     </span>
     <span class='ocr_line' id='line_1_47' title="bbox 164 2634 1859 2690; baseline 0.001 -17"><span class='ocrx_word' id='word_1_420' title='bbox 164 2636 327 2686; x_wconf 86' lang='lat' dir='ltr'>pissime</span> <span class='ocrx_word' id='word_1_421' title='bbox 361 2635 616 2689; x_wconf 84' lang='lat' dir='ltr'>ferrugineas</span> <span class='ocrx_word' id='word_1_422' title='bbox 649 2637 911 2690; x_wconf 84' lang='lat' dir='ltr'>gerentibus,</span> <span class='ocrx_word' id='word_1_423' title='bbox 958 2637 1155 2676; x_wconf 89' lang='lat' dir='ltr'>interdum</span> <span class='ocrx_word' id='word_1_424' title='bbox 1188 2636 1420 2676; x_wconf 80' lang='lat' dir='ltr'>articulatis,</span> <span class='ocrx_word' id='word_1_425' title='bbox 1483 2634 1666 2688; x_wconf 88' lang='lat' dir='ltr'>Spiculae</span> <span class='ocrx_word' id='word_1_426' title='bbox 1699 2635 1859 2687; x_wconf 77' lang='lat' dir='ltr'>saepius</span> 
     </span>
     <span class='ocr_line' id='line_1_48' title="bbox 163 2691 1857 2746; baseline -0.001 -14"><span class='ocrx_word' id='word_1_427' title='bbox 163 2692 389 2732; x_wconf 85' lang='lat' dir='ltr'>alternatim</span> <span class='ocrx_word' id='word_1_428' title='bbox 425 2693 592 2732; x_wconf 77' lang='lat' dir='ltr'>disticho</span> <span class='ocrx_word' id='word_1_429' title='bbox 624 2707 659 2734; x_wconf 88' lang='lat' dir='ltr'>v.</span> <span class='ocrx_word' id='word_1_430' title='bbox 692 2694 871 2734; x_wconf 86' lang='lat' dir='ltr'>secunde</span> <span class='ocrx_word' id='word_1_431' title='bbox 904 2694 950 2734; x_wconf 85' lang='lat' dir='ltr'>ad</span> <span class='ocrx_word' id='word_1_432' title='bbox 984 2695 1122 2734; x_wconf 83' lang='lat' dir='ltr'>ramuli</span> <span class='ocrx_word' id='word_1_433' title='bbox 1155 2694 1278 2734; x_wconf 85' lang='lat' dir='ltr'>latera</span> <span class='ocrx_word' id='word_1_434' title='bbox 1312 2693 1491 2746; x_wconf 85' lang='lat' dir='ltr'>opposita</span> <span class='ocrx_word' id='word_1_435' title='bbox 1523 2693 1561 2732; x_wconf 93' lang='lat' dir='ltr'>in</span> <span class='ocrx_word' id='word_1_436' title='bbox 1595 2691 1726 2744; x_wconf 82' lang='lat' dir='ltr'>spicas</span> <span class='ocrx_word' id='word_1_437' title='bbox 1761 2693 1857 2731; x_wconf 90' lang='lat' dir='ltr'>den-</span> 
     </span>
     <span class='ocr_line' id='line_1_49' title="bbox 163 2750 1858 2805; baseline 0.001 -17"><span class='ocrx_word' id='word_1_438' title='bbox 163 2761 228 2789; x_wconf 86' lang='lat' dir='ltr'>sas</span> <span class='ocrx_word' id='word_1_439' title='bbox 260 2763 293 2790; x_wconf 80' lang='grc' dir='ltr'>ν.</span> <span class='ocrx_word' id='word_1_440' title='bbox 329 2750 549 2789; x_wconf 82' lang='lat' dir='ltr'>laxissimas</span> <span class='ocrx_word' id='word_1_441' title='bbox 583 2751 816 2804; x_wconf 78' lang='lat' dir='ltr'>dispositae,</span> <span class='ocrx_word' id='word_1_442' title='bbox 851 2753 1056 2805; x_wconf 84' lang='lat' dir='ltr'>paniculas</span> <span class='ocrx_word' id='word_1_443' title='bbox 1089 2752 1239 2792; x_wconf 77' lang='lat' dir='ltr'>effusas</span> <span class='ocrx_word' id='word_1_444' title='bbox 1272 2764 1308 2790; x_wconf 92' lang='lat' dir='ltr'>v.</span> <span class='ocrx_word' id='word_1_445' title='bbox 1333 2751 1594 2802; x_wconf 80' lang='lat' dir='ltr'>corymbosas</span> <span class='ocrx_word' id='word_1_446' title='bbox 1624 2750 1858 2801; x_wconf 83' lang='lat' dir='ltr'>l&#39;ormanteS,</span> 
     </span>
     <span class='ocr_line' id='line_1_50' title="bbox 161 2808 597 2848; baseline 0.005 -2"><span class='ocrx_word' id='word_1_447' title='bbox 161 2808 291 2847; x_wconf 88' lang='lat' dir='ltr'>rarius</span> <span class='ocrx_word' id='word_1_448' title='bbox 325 2808 597 2848; x_wconf 82' lang='lat' dir='ltr'>fasciculatae.</span> 
     </span>
    </p>
   </div>
   <div class='ocr_carea' id='block_1_8' title="bbox 721 2923 1288 2969">
    <p class='ocr_par' dir='ltr' id='par_1_11' title="bbox 721 2923 1288 2969">
     <span class='ocr_line' id='line_1_51' title="bbox 721 2923 1288 2969; baseline 0 -10"><span class='ocrx_word' id='word_1_449' title='bbox 721 2924 991 2969; x_wconf 81' lang='lat' dir='ltr'>Conspectus</span> <span class='ocrx_word' id='word_1_450' title='bbox 1021 2923 1288 2968; x_wconf 86' lang='lat' dir='ltr'>specierum.</span> 
     </span>
    </p>
   </div>
   <div class='ocr_carea' id='block_1_9' title="bbox 162 3000 1784 3096">
    <p class='ocr_par' dir='ltr' id='par_1_12' title="bbox 162 3000 1784 3096">
     <span class='ocr_line' id='line_1_52' title="bbox 162 3000 1456 3035; baseline -0.002 -8"><span class='ocrx_word' id='word_1_451' title='bbox 162 3002 184 3027; x_wconf 88' lang='grc' dir='ltr'>ῐ.</span> <span class='ocrx_word' id='word_1_452' title='bbox 214 3000 299 3034; x_wconf 73' lang='lat' dir='ltr'>scapi</span> <span class='ocrx_word' id='word_1_453' title='bbox 320 3009 374 3026; x_wconf 89' lang='lat' dir='ltr'>non</span> <span class='ocrx_word' id='word_1_454' title='bbox 396 3003 465 3027; x_wconf 77' lang='lat' dir='ltr'>alati</span> <span class='ocrx_word' id='word_1_455' title='bbox 487 3006 603 3028; x_wconf 67' lang='lat' dir='ltr'>temtos.</span> <span class='ocrx_word' id='word_1_456' title='bbox 642 3005 725 3029; x_wconf 82' lang='lat' dir='ltr'>Folia</span> <span class='ocrx_word' id='word_1_457' title='bbox 747 3006 869 3035; x_wconf 73' lang='lat' dir='ltr'>integra.</span> <span class='ocrx_word' id='word_1_458' title='bbox 907 3005 1029 3029; x_wconf 81' lang='lat' dir='ltr'>Linibus</span> <span class='ocrx_word' id='word_1_459' title='bbox 1051 3005 1154 3034; x_wconf 70' lang='lat' dir='ltr'>calycis</span> <span class='ocrx_word' id='word_1_460' title='bbox 1174 3004 1269 3035; x_wconf 81' lang='lat' dir='ltr'>albus¹</span> <span class='ocrx_word' id='word_1_461' title='bbox 1292 3001 1456 3027; x_wconf 70' lang='lat' dir='ltr'>mediocris.</span> 
     </span>
     <span class='ocr_line' id='line_1_53' title="bbox 211 3035 1741 3087; baseline -0.001 -8"><span class='ocrx_word' id='word_1_462' title='bbox 211 3053 248 3079; x_wconf 83' lang='lat' dir='ltr'>A.</span> <span class='ocrx_word' id='word_1_463' title='bbox 269 3055 385 3080; x_wconf 82' lang='lat' dir='ltr'>Corona</span> <span class='ocrx_word' id='word_1_464' title='bbox 405 3061 495 3086; x_wconf 80' lang='lat' dir='ltr'>parva</span> <span class='ocrx_word' id='word_1_465' title='bbox 525 3056 559 3079; x_wconf 78' lang='lat' dir='ltr'>ad</span> <span class='ocrx_word' id='word_1_466' title='bbox 580 3056 690 3080; x_wconf 73' lang='lat' dir='ltr'>faucem</span> <span class='ocrx_word' id='word_1_467' title='bbox 713 3063 804 3087; x_wconf 76' lang='lat' dir='ltr'>usquo</span> <span class='ocrx_word' id='word_1_468' title='bbox 824 3057 1028 3087; x_wconf 74' lang='lat' dir='ltr'>gamopetnla:</span> <span class='ocrx_word' id='word_1_469' title='bbox 1051 3054 1125 3081; x_wconf 86' lang='lat' dir='ltr'>Sect.</span> <span class='ocrx_word' id='word_1_470' title='bbox 1147 3056 1172 3080; x_wconf 83' lang='lat'>1.</span> <span class='ocrx_word' id='word_1_471' title='bbox 1194 3055 1377 3086; x_wconf 58' lang='lat' dir='ltr'>Myovcolepis:</span> <span class='ocrx_word' id='word_1_472' title='bbox 1433 3037 1458 3082; x_wconf 76' lang='grc' dir='ltr'>,Ι”</span> <span class='ocrx_word' id='word_1_473' title='bbox 1479 3035 1521 3061; x_wconf 56' lang='lat' dir='ltr'>St*</span> <span class='ocrx_word' id='word_1_474' title='bbox 1543 3036 1688 3075; x_wconf 50' lang='lat' dir='ltr'>sprumcea</span> <span class='ocrx_word' id='word_1_475' title='bbox 1708 3036 1741 3060; x_wconf 72' lang='lat' dir='ltr'>L·</span> 
     </span>
     <span class='ocr_line' id='line_1_54' title="bbox 499 3070 1784 3096; baseline -0.004 3"><span class='ocrx_word' id='word_1_476' title='bbox 499 3074 504 3086; x_wconf 91' lang='lat'><em>&#39;</em></span> <span class='ocrx_word' id='word_1_477' title='bbox 1435 3071 1460 3096; x_wconf 71' lang='lat'>2.</span> <span class='ocrx_word' id='word_1_478' title='bbox 1482 3085 1514 3088; x_wconf 85' lang='lat'><strong>—</strong></span> <span class='ocrx_word' id='word_1_479' title='bbox 1539 3071 1644 3095; x_wconf 79' lang='lat' dir='ltr'>diffusa</span> <span class='ocrx_word' id='word_1_480' title='bbox 1664 3070 1784 3095; x_wconf 74' lang='lat' dir='ltr'>PoURR.</span> 
     </span>
    </p>
   </div>
  </div>
 </body>
</html>
