1947 3296
856 164 954 207 419

36 317 47 324 ..
64 289 351 366 Calaminthla
379 286 593 330 (EucaI.)
628 287 949 319 Ineter-otriclm
984 283 1070 317 BSS.
1097 283 1223 318 REUT.
1249 285 1335 327 Pug.
1362 296 1394 329 p.
1415 286 1474 320 931
1504 305 1542 309 -„
1570 285 1640 320 Ubi
1663 295 1766 330 prae-

271 344 325 368 ce(
338 343 410 368 eus.
436 360 439 361 γ

158 412 202 417 —
278 391 506 433 (ticino-5)
533 389 786 433 hispidum
811 387 896 422 BSS.
922 386 1048 423 REUT.
1086 387 1108 422 l.
1143 398 1172 422 c.
1203 408 1247 412 —
1281 387 1322 422 In
1353 388 1477 423 Africa
1510 390 1663 434 boreali,
1699 389 1767 424 for-

270 443 366 472 tasse
390 436 426 470 in
450 446 558 480 regno
583 433 807 470 Granatensi.

67 498 309 540 llys-sapas
333 496 571 528 aris-tatus
595 492 667 527 GR.
693 492 822 527 GODR.
857 493 880 527 1.
906 504 935 528 c.
961 506 995 539 p.
1023 494 1106 529 659!
1134 514 1178 519 —
1204 493 1245 528 In
1269 492 1464 538 Pyrenaeis
1489 493 1628 529 Galliae
1654 494 1767 529 orien—

271 540 414 586 talibus,
438 540 670 585 probabiliter
693 539 801 575 etiam
827 540 1069 576 Catalauniae.

64 704 171 749 Trib.
208 704 257 748 V.
329 703 668 749 Monardeae
704 704 817 750 BTH.
843 714 930 750 Lab.
957 727 990 760 p.
1013 716 1080 748 190
1105 720 1141 750 et
1165 725 1222 760 ap.
1242 714 1315 749 De.
1343 713 1466 749 Prodr.
1495 713 1584 759 ΧΠ,
1621 726 1655 758 p.
1682 714 1766 749 260!

184 827 343 867 Corolla
382 827 578 867 bilabiata.
642 827 817 867 Stamina
851 826 875 867 2
920 832 1148 878 (externa),
1191 828 1459 880 approximata
1500 832 1540 866 et
1583 827 1769 880 parallela

66 886 140 925 sub
182 886 288 926 labio
327 885 501 925 corollae
542 886 753 938 superiore
795 898 971 926 concavo
1005 884 1174 939 (galea),
1219 887 1377 926 interna
1427 884 1531 924 nulla
1565 898 1600 924 v.
1644 887 1770 926 abor-

68 945 156 984 tiva.
216 943 422 984 Antherae
464 943 725 996 biloculares‚
771 944 902 984 loculo
947 944 1074 985 altero
1117 945 1278 985 evoluto
1311 944 1456 995 fertili,
1501 943 1629 984 altero
1660 944 1768 984 rudi-

69 1002 263 1042 mentario
296 1016 330 1044 v.
363 1001 557 1042 obsoleto.

186 1093 314 1133 DVIll.
376 1093 702 1134 ROSMARINUS
735 1094 777 1134 L.
802 1094 900 1134 Gen.
931 1096 981 1147 pl.
1044 1094 1166 1146 Calyx
1197 1095 1509 1147 campanulatus‚
1544 1095 1770 1147 bilabiatus,

68 1152 182 1192 fauce
217 1151 367 1202 nudus,
412 1152 515 1192 labio
548 1153 761 1205 superiore
793 1153 978 1205 integro,
1014 1153 1208 1192 inferiore
1243 1152 1374 1193 bifido.
1437 1152 1620 1193 Corollae
1655 1154 1772 1206 galea

71 1210 185 1251 bifida
221 1210 441 1251 lateraliter
472 1222 726 1263 compressa,
771 1211 916 1251 labium
950 1210 1122 1250 inferius
1155 1211 1354 1251 trilobum.
1419 1211 1635 1251 Staminum
1669 1212 1771 1252 inte-

67 1270 216 1309 riorum
254 1269 477 1309 rudimenta
522 1269 651 1320 nulla,
695 1270 942 1309 exteriorum
985 1269 1184 1309 filamenta
1227 1269 1274 1309 ad
1319 1269 1471 1309 faucem
1505 1270 1680 1310 corollae
1713 1271 1771 1309 in-

68 1332 201 1377 serta,
246 1332 428 1378 arcuata,
475 1333 649 1368 exserta.
712 1327 916 1368 Antherae
949 1327 1123 1368 lineares
1156 1327 1427 1367 uniloculares
1461 1328 1613 1375 <loculo
1645 1328 1774 1368 altero

66 1386 284 1432 obsoleto).
348 1385 634 1425 Connectivum
669 1386 896 1439 elongatum
931 1398 1018 1426 cum
1048 1386 1248 1427 filamento
1281 1391 1510 1438 comatum,
1545 1387 1699 1439 postice
1732 1387 1772 1426 in

69 1456 300 1484 mucronem
335 1444 617 1484 dentisormein
651 1456 886 1485 excurrens.
907 1443 925 1463 *

160 1524 264 1557 2284.
312 1525 360 1558 R.
380 1524 604 1558 officinalis
629 1523 670 1559 L.
697 1523 779 1559 Cod.
813 1535 845 1558 n.
875 1525 957 1559 181!
1007 1524 1105 1558 BTH.
1131 1524 1153 1558 l.
1181 1534 1209 1558 c.
1243 1535 1276 1568 p.
1306 1524 1390 1558 360!
1441 1522 1513 1559 GR.
1540 1523 1669 1559 GODR.
1696 1525 1718 1559 l.
1745 1535 1773 1558 c.

66 1582 98 1616 p.
126 1571 213 1605 669!
264 1569 398 1604 <Salvia
423 1570 655 1606 Rosmariuus
681 1571 887 1616 SOHLEID.,
924 1571 1050 1606 RCHB.
1078 1571 1126 1605 Ic.
1152 1571 1174 1605 l.
1200 1582 1229 1605 c.
1265 1576 1289 1605 t.
1316 1571 1405 1615 431).
1456 1571 1593 1606 Frutex
1619 1582 1774 1616 semper-

67 1618 182 1652 virens
209 1622 358 1661 erectus,
388 1620 403 1650 1
424 1639 439 1641 ἡ
455 1617 645 1662 4-pedalis,
672 1618 951 1659 ramosissimis,
985 1618 1149 1660 foliosus,
1186 1618 1295 1653 ramis
1321 1619 1590 1663 erecto—patulis
1615 1619 1774 1663 virgatis,

66 1665 236 1709 adpresse
260 1663 462 1709 puberulis3
496 1665 589 1699 foliis
616 1666 818 1709 sessilibus,
852 1665 1043 1700 linearibus
1074 1665 1312 1708 integerrimis
1338 1665 1507 1700 revolutis
1532 1667 1683 1711 obtusis,
1719 1677 1775 1700 co-

68 1712 212 1756 riaceis,
247 1723 355 1756 supra.
379 1711 511 1755 glabris
536 1712 673 1754 nitidis,
712 1713 836 1747 subtus
863 1712 1198 1757 cano-tonientellis3
1235 1711 1379 1746 floribus
1406 1712 1441 1746 in
1467 1713 1586 1748 axillis
1611 1713 1775 1747 foliorum

71 1759 293 1804 superiorum
325 1759 578 1805 subsolitariis,
617 1760 886 1803 subsessilibus,
926 1760 1112 1804 oppositis,
1150 1760 1422 1804 approximatis,
1461 1770 1620 1795 racemos
1652 1761 1775 1795 breves

67 1806 319 1851 formantibus,
354 1806 507 1841 bracteis
534 1807 652 1850 parvis
679 1807 900 1850 lanceolatis,
927 1807 1246 1845 albo-tomentosis.
1271 1806 1430 1849 caducis3
1466 1807 1586 1851 calyce
1612 1808 1776 1851 pulveru-

71 1853 364 1897 lento-puberulo.
391 1863 496 1897 saepe
522 1860 814 1899 purpurascente,
841 1855 975 1889 corolla
1000 1853 1197 1898 majuscula
1215 1854 1297 1887 alba
1315 1859 1375 1888 aut
1393 1854 1665 1900 coerulesceute,
1691 1855 1775 1889 tubo

72 1906 221 1935 exserto.
247 1920 292 1924 —
317 1899 448 1934 Planta
471 1900 573 1935 valde
599 1901 802 1936 aromatica.

161 1958 202 1991 In
227 1957 390 2003 dumetis,
417 1958 524 2002 silvis,
550 1959 752 1994 nemoribus
777 1958 908 2003 apricis
926 1958 1081 2001 regionis
1101 1957 1202 1992 infer.
1221 1963 1256 1993 et
1273 1964 1426 1993 montar.
1445 1959 1553 1993 totius
1567 1959 1774 2004 Hispaniae,

114 2005 306 2049 praecipue
342 2005 508 2049 central,
546 2006 708 2040 oriental.
741 2011 776 2040 et
807 2005 1068 2048 meridionalis,
1105 2005 1164 2038 ubi
1200 2005 1388 2040 hincinde
1415 2006 1572 2040 abundat
1606 2008 1647 2051 (v.
1674 2018 1702 2042 c.
1740 2007 1776 2041 in

118 2052 286 2086 Serrania
311 2052 353 2086 de
379 2052 519 2086 Cueuca
544 2058 579 2087 et
603 2052 735 2087 ditione
761 2053 945 2098 Alcarria,
979 2052 1014 2085 in
1046 2052 1177 2097 pinctis
1208 2064 1226 2086 c
1265 2052 1377 2087 sinum
1403 2052 1634 2097 Gaditanum,
1661 2053 1777 2099 NVK),

116 2099 151 2133 in
176 2099 309 2133 borcali
333 2099 466 2144 passim
493 2106 527 2134 ct
552 2101 667 2134 rarius
695 2101 736 2144 (v.
762 2111 791 2134 c.
818 2100 863 2134 acl
888 2100 923 2134 la
949 2099 1104 2141 Coi-usia,
1129 2099 1264 2144 Bilbao,
1291 2099 1415 2140 LGE.).
1434 2120 1479 2124 —-
1501 2108 1521 2137 t>
1548 2100 1682 2145 Sept.--
1693 2100 1776 2136 Jun.

118 2147 161 2191 (v.
187 2147 230 2190 v.)
283 2146 477 2181 »Rouiero«
505 2146 660 2189 Castell.,
690 2147 873 2192 »Romani,
900 2147 1049 2181 Romer«
1078 2146 1190 2181 Catal.

164 2192 255 2227 Hab.
282 2193 317 2227 in
343 2193 435 2228 omni
461 2204 549 2228 zona
574 2193 846 2229 mediterranea.

162 2275 266 2309 2285.
313 2278 363 2309 R.
388 2266 607 2310 laxiflorus
633 2275 693 2309 DE
711 2275 800 2310 NOE
818 2275 853 2309 in
879 2275 976 2310 herb.
994 2286 1082 2309 mus.
1102 2274 1230 2316 Paris,
1256 2273 1355 2308 LGE.
1376 2274 1462 2317 Pug.
1481 2287 1514 2319 p.
1541 2276 1619 2310 178!
1647 2275 1777 2310 Differt

71 2331 92 2354 a
115 2321 278 2365 praeced.
304 2322 412 2356 ramis
437 2323 704 2365 gracilioribus,
729 2323 879 2357 racemis
906 2322 1136 2365 longiusculis
1161 2320 1354 2365 laxifloris,
1379 2321 1535 2356 bracteis
1560 2323 1671 2357 ovatis
1697 2333 1778 2356 acu-

72 2367 231 2447 niinatils,
262 2368 445 2412 pedicellis
476 2369 597 2414 calyce
630 2369 847 2413 longioribus
873 2382 903 2404 v.
930 2368 1238 2413 subaequilongis,
1268 2368 1389 2413 calyce
1414 2369 1655 2404 atrocoeruleo
1680 2369 1778 2412 glab-

73 2423 190 2448 rluscu
207 2425 237 2448 ο.

167 2460 208 2494 In
232 2471 340 2503 regno
364 2460 477 2495 Mure.
504 2464 571 2506 (pr.
597 2461 808 2506 Cartagena,
834 2462 930 2507 Noe)
957 2468 1063 2507 atque
1089 2463 1125 2496 iu
1150 2461 1294 2496 montib.
1314 2460 1488 2496 Marianis
1514 2461 1580 2506 (pr.
1606 2461 1778 2507 Cordoba,

121 2505 247 2545 Lea).
272 2527 317 2532 -
342 2512 366 2545 τ,
390 2507 535 2544 Martio.
574 2508 619 2552 (n.
637 2508 693 2552 v.).

193 2591 290 2632 DIX.
354 2591 538 2632 SALVIA
571 2592 611 2630 L.
645 2592 742 2632 Gen.
779 2593 849 2645 pt,
893 2594 982 2635 Bru.
1017 2595 1038 2633 l.
1074 2607 1106 2632 c.
1141 2606 1176 2645 p.
1201 2590 1308 2631 262!
1373 2591 1495 2643 Calyx
1527 2592 1777 2645 campanula-

76 2654 136 2688 tus
169 2654 234 2688 aut
266 2655 421 2700 ovatus,
459 2650 571 2689 fauce
606 2650 756 2701 nudus,
798 2651 1027 2701 bilabiatus,
1063 2652 1167 2691 labio
1201 2651 1411 2702 superiore
1447 2651 1606 2702 integro
1640 2663 1674 2692 V.
1710 2651 1776 2690 tri-

76 2709 264 2758 dcntato,
314 2709 507 2747 interiore
554 2708 685 2749 bifido.
761 2708 942 2749 Corollae
989 2710 1199 2748 bilaliiatae
1248 2720 1369 2759 saepe
1415 2708 1613 2759 ringentis
1662 2710 1776 2762 galea

76 2777 308 2818 compressa
355 2768 510 2819 integra
555 2771 621 2804 aut
666 2767 937 2819 emarginat-a,
989 2768 1131 2807 labium
1179 2766 1347 2805 inferius
1388 2771 1528 2818 patens
1577 2767 1776 2816 trilobum,

78 2823 168 2862 lobo
202 2824 333 2863 medio
367 2825 597 2864 lateralibus
631 2825 781 2877 majore
815 2825 974 2876 integro
996 2839 1034 2865 v.
1059 2825 1322 2876 emarginato.
1377 2824 1551 2863 Stamina
1585 2825 1777 2864 interiora

78 2881 181 2920 nulla
214 2888 279 2922 aut
311 2883 512 2933 abortiva,
562 2883 808 2921 exteriorum
853 2881 1049 2923 filamenta
1085 2882 1220 2922 brevia
1256 2893 1344 2921 cum
1378 2883 1617 2923 connectivo
1650 2888 1777 2923 trans-

78 2951 196 2979 verso
228 2941 417 2995 elongato
449 2941 670 2981 articulata.
734 2940 979 2980 Connectiva
1023 2941 1176 2993 postiae
1220 2941 1294 2980 sub
1326 2940 1442 2993 galea
1476 2940 1777 2991 adscendentia‚

151 3068 168 3086 *
186 3069 327 3096 Auctores
346 3071 493 3097 filamenta
512 3072 679 3096 Rosmarini
699 3072 818 3096 dentata
839 3075 953 3103 vocant,
980 3072 1030 3096 sed
1050 3072 1119 3096 dens
1142 3072 1217 3096 infra
1238 3071 1376 3097 filameuti
1397 3073 1523 3097 inedium
1545 3072 1656 3102 positus
1678 3072 1716 3095 nil
1738 3074 1781 3096 est

80 3104 136 3129 uisi
155 3106 317 3131 connectivi
336 3114 403 3138 pars
423 3107 535 3138 postica
553 3107 674 3132 sterilis.
714 3107 757 3132 Of.
779 3106 969 3139 SCHLEIDEN,
992 3107 1110 3132 Handb.
1134 3107 1208 3133 med.
1230 3107 1342 3137 pharni.
1364 3107 1430 3132 Bot.
1453 3115 1481 3138 p.
1496 3106 1557 3132 ⁴265.

1468 3164 1539 3196 27*
