1947 3296
1004 150 1064 193 62

188 271 367 313 viridibus,
395 270 518 304 subtus
545 270 911 314 incano-tomentosis,
937 269 1067 311 acutis,
1092 269 1270 303 turionum
1295 269 1501 304 lanceolatis
1525 268 1782 312 subtrinerviis‚
1808 280 1888 303 cau-

189 319 266 352 linis
293 316 659 360 lineari-lanceolatis,
695 328 833 351 sursum
859 315 1160 359 decrescentibus,
1197 314 1320 349 mediis
1345 315 1657 360 superioribusque
1683 315 1885 351 uninerviis.

190 363 349 398 omnibus
373 363 451 398 basi
478 363 688 408 attenuatis;
716 363 880 398 calathiis
906 364 939 397 in
965 362 1083 396 axillis
1108 362 1270 395 foliorum
1296 363 1516 406 superiorum
1533 361 1736 405 glomeratis
1755 362 1887 405 spicam

190 411 328 453 longam
353 409 515 444 foliosam
540 410 773 454 interruptam
799 409 1041 453 formantibus,
1066 407 1169 451 2¹s'20‘
1187 408 1227 451 l.;
1265 408 1423 443 anthodii
1458 409 1612 452 squamis
1644 407 1840 452 adpressis,
1866 418 1887 442 a

186 457 268 491 basi
293 467 398 501 supra
423 455 576 489 medium
602 467 711 499 usque
737 456 934 501 herbaceis,
961 461 1117 490 ceterum
1135 455 1310 495 scariosis,
1337 455 1483 499 obtusis,
1511 454 1744 489 exterioribus
1764 454 1886 499 ovatis,

188 503 314 538 ceteris
347 503 505 545 oblongis
536 503 817 547 linearibusque,
854 509 956 547 parte
989 502 1145 536 scariosa
1176 500 1356 547 spadicea,
1382 502 1481 536 fusca
1512 513 1541 535 v.
1574 500 1724 545 pallida,
1758 500 1885 542 nitida;

186 548 335 584 floribus
359 549 606 593 albicantibus,
632 550 811 584 achaeniis
836 549 1028 593 puberulis.

326 598 362 638 ρ’.
389 601 682 639 carpetanum
713 596 796 630 WK.
829 595 882 636 (G.
916 599 1146 639 carpetanum
1171 593 1255 627 BSS.
1282 593 1406 627 REUT.
1440 592 1558 637 ined.).
1607 593 1688 628 Non
1724 593 1887 628 differta

396 643 513 686 specie
539 642 605 676 nisi
631 648 767 676 statura
792 643 942 684 minore,
979 641 1076 684 spica
1108 640 1285 683 breviore,
1319 645 1354 674 et
1385 639 1476 674 foliis
1503 650 1610 684 supra
1636 641 1742 674 etiam
1767 651 1887 675 canes-

394 688 729 733 centi-lanuginosis,
755 687 937 722 fl‹‘›ralibus
964 687 1106 721 summis
1131 686 1287 720 calathia
1312 686 1368 719 vix
1402 687 1662 730 superantibus.
1713 686 1886 730 Squamae

394 734 554 769 anthodii
578 734 733 779 pallidae
759 734 1090 776 fusco—maculatae,
1130 731 1166 765 id
1200 732 1291 775 quod
1323 732 1429 766 etiam
1462 733 1497 766 in
1530 732 1780 777 speciminibus
1811 743 1887 776 ger-

393 781 540 815 manicis
566 781 776 815 creberrime
804 781 966 815 occurrit.
1002 779 1234 813 Characteres
1251 778 1395 812 indicati
1419 779 1478 813 vix
1501 780 1719 825 varietatem,
1745 780 1886 814 minime

395 838 476 861 vero
501 829 653 871 speciem
679 828 892 863 constituere
917 830 1075 871 possunt.

280 874 320 907 In
338 874 488 917 erecitiS,
508 874 675 908 silvaticis
695 875 858 917 silvisque
877 873 1028 916 regionis
1046 876 1234 906 montanae
1251 876 1287 904 et
1304 870 1511 914 subalpinae
1530 871 1723 916 Hispaniae
1740 871 1885 916 boreal.,

230 920 374 955 central.
400 926 435 954 et
458 920 582 954 orient.
608 922 758 963 passim:
785 921 821 954 in
838 921 961 955 Astur.
989 926 1023 958 (a
1040 917 1261 959 Leitariegos
1287 916 1332 950 ad
1357 927 1464 961 rupes
1490 928 1600 961 usque
1625 918 1717 952 infra
1736 917 1886 961 Laguna

231 968 275 1002 de
300 968 424 1009 Arvas,
449 967 576 1010 DUR.),
603 966 697 1002 Cast.
724 978 812 1001 nova
839 967 885 1007 (S.
911 966 1023 1000 Pablo
1048 965 1090 999 de
1116 969 1263 1007 monteS,
1288 963 1477 1008 POURR.),
1503 964 1658 1008 Aragon.
1685 964 1733 1008 (in
1757 964 1885 1009 Pyren.

231 1014 276 1048 ad
296 1014 481 1056 Renclusa,
507 1013 643 1057 ZETT),
671 1013 783 1048 Catal.
811 1014 998 1057 (Mouseny
1016 1018 1093 1053 etc.,
1120 1011 1156 1044 in
1173 1010 1377 1054 Pyrenaeis,
1405 1010 1578 1055 COLM.!);
1603 1031 1648 1034 —
1667 1012 1704 1050 β.
1730 1011 1766 1045 in
1790 1022 1886 1046 mon-

230 1061 322 1095 tibus
348 1059 553 1103 Carpetanis
581 1060 626 1103 (S.
661 1060 702 1094 de
729 1060 994 1094 Gnadarrama,
1028 1058 1125 1102 BSS.,
1151 1057 1294 1091 REUT.!
1322 1057 1554 1102 Somosierra,
1581 1058 1751 1104 ΗΕΚΝ),
1777 1078 1821 1083 —-
1849 1067 1884 1098 21.

231 1106 439 1140 Jul.-N0v.
466 1106 506 1149 (v.
534 1106 586 1149 s).

277 1153 366 1186 Hab.
393 1154 427 1186 in
452 1152 556 1197 Gall,
581 1152 752 1187 Britann..
780 1151 953 1196 Scandin.,
980 1150 1126 1195 Europa
1150 1150 1240 1185 med.
1266 1150 1370 1194 omni,
1396 1149 1598 1195 Lombard.,
1625 1150 1740 1193 Sibir.,
1765 1150 1884 1185 Amer.

230 1199 376 1234 boreali.

277 1247 375 1279 1355.
411 1248 458 1279 G.
477 1247 763 1285 norwegieum
781 1244 909 1278 GUNN.
936 1244 990 1278 Fl.
1017 1253 1169 1286 norweg.
1193 1254 1227 1286 p.
1249 1242 1326 1276 105.
1351 1241 1469 1276 KOCH
1488 1243 1568 1286 Syn.
1593 1254 1626 1286 p.
1647 1244 1732 1277 399!
1758 1242 1883 1277 RCHB.

185 1293 231 1328 Ic.
260 1293 328 1326 1.(·.
354 1298 377 1326 t.
407 1293 459 1332 58,
487 1292 580 1326 1111!
619 1291 672 1335 (G.
699 1292 874 1325 fuscatum
900 1291 950 1335 P,
983 1289 1122 1334 Gnaph.
1148 1289 1284 1324 fuscum
1308 1288 1468 1332 LAMK.).
1518 1288 1646 1323 Differ-t
1676 1300 1697 1323 a
1722 1289 1883 1334 praeced.

183 1340 274 1374 foliis
302 1339 514 1373 basilaribus
540 1338 732 1381 mediisque
758 1338 844 1372 satis
870 1338 971 1380 longe
998 1336 1188 1381 petiolatis,
1214 1335 1362 1370 caulinis
1388 1335 1624 1380 paucioribus,
1650 1336 1773 1371 mediis
1792 1337 1884 1371 basi-

182 1387 273 1420 laria
299 1385 482 1420 latitudine
510 1385 775 1429 superantibus,
808 1384 1014 1418 lanceolatis
1040 1383 1235 1427 trinerviis,
1269 1382 1429 1417 omnibus
1457 1383 1579 1417 subtus
1604 1394 1682 1416 cum
1706 1383 1807 1417 caule
1832 1389 1884 1418 to-

181 1438 297 1467 mento
330 1443 448 1466 crasso
485 1432 690 1474 lanuginoso
721 1432 802 1465 albo
836 1431 989 1473 vestitis,
1022 1430 1257 1464 calathiorum
1290 1429 1494 1471 glomer-ulis
1520 1429 1554 1462 in
1581 1429 1711 1473 spicam
1737 1429 1883 1465 densam
1914 1454 1926 1466 1

181 1482 321 1514 brevem
353 1477 527 1512 interdum
563 1479 837 1522 subcapitatam,
874 1478 951 1512 basi
983 1476 1077 1511 foliis
1109 1476 1253 1511 summis
1279 1476 1533 1509 involucratam
1559 1476 1751 1521 congestis,
1789 1476 1881 1511 foliis

180 1526 360 1561 floralibus
387 1525 541 1558 calathia
565 1525 622 1559 vix
647 1526 698 1559 vel
727 1524 909 1568 paululum
935 1523 1196 1568 superantibus,
1223 1522 1389 1566 squamis
1404 1522 1563 1565 anthodii
1582 1522 1687 1558 latius
1705 1523 1881 1568 scariosis,

182 1573 336 1615 adustis,
371 1572 550 1605 achaeniis
577 1571 783 1615 majoribus.

274 1619 384 1652 Van?
416 1619 713 1661 angustifolia
739 1617 828 1651 WK.
868 1616 921 1661 (G.
948 1616 1182 1660 Hoppeanum
1207 1614 1349 1649 KOCH‘?
1373 1625 1441 1649 sec.
1467 1615 1565 1650 LGE.
1597 1616 1683 1659 Pug.
1718 1627 1750 1660 p.
1780 1615 1880 1659 1221)

181 1665 438 1709 Caespitosum,
474 1665 666 1699 rhizomate
699 1664 863 1698 foliorum
896 1663 1083 1698 fasciculos
1117 1662 1306 1705 caulesque
1330 1660 1516 1703 florigeros
1542 1662 1686 1705 edente,
1722 1662 1881 1696 caulibus

180 1712 306 1747 erectis
341 1714 453 1745 3—4“
481 1711 522 1752 l.,
555 1711 640 1745 folia
665 1711 843 1745 turionum
876 1711 934 1743 vix
969 1708 1237 1754 superantibus,
1275 1708 1493 1752 simplicibus
1527 1708 1880 1752 lanato-tomentosis,

180 1759 224 1793 ad
249 1759 383 1803 apicem
417 1768 526 1801 usque
557 1757 710 1801 foliatis3
745 1757 840 1791 foliis
873 1767 980 1801 supra
1007 1756 1221 1798 lanuginosis
1252 1755 1462 1799 virentibus,
1498 1755 1621 1791 subtus
1653 1755 1819 1790 floccoso-
1845 1760 1881 1790 et

178 1806 504 1847 cano-tomentosis,
540 1804 905 1845 lineari-lanceolatis,
931 1803 1109 1838 turionum
1133 1801 1332 1844 infimisque
1358 1802 1394 1835 in
1417 1801 1585 1846 petiolum
1618 1803 1758 1846 longum
1791 1807 1881 1836 atte-

178 1853 311 1895 nuatis,
351 1851 591 1896 superioribus
617 1851 886 1893 subsessilibus,
909 1849 1011 1885 valde
1037 1848 1352 1892 descrescentibus,
1378 1849 1534 1883 obsolete
1561 1849 1751 1893 trinerviis,
1777 1847 1879 1883 flora-

177 1899 267 1933 libus
291 1898 419 1932 infimis
447 1898 577 1941 longis,
612 1898 736 1932 mediis
770 1897 926 1932 calathia
956 1895 1275 1939 subaequantibus,
1304 1896 1446 1930 summis
1472 1895 1615 1930 minutis
1650 1895 1878 1939 abbreviatis;

177 1945 340 1980 calathiis
368 1945 459 1978 3‘1‘1.
486 1945 521 1977 in
546 1944 664 1979 axillis
691 1944 892 1987 glomeratis
918 1943 1051 1988 spicam
1076 1943 1218 1976 brevem
1244 1940 1389 1976 densam
1414 1941 1491 1976 basi
1516 1942 1628 1976 solum
1644 1942 1880 1986 interruptam

177 1992 426 2031 formantibuS;
463 1991 621 2025 autliodii
653 1991 809 2034 squamis
839 1990 1035 2035 adpressis,
1071 1987 1201 2023 infimis
1232 1987 1360 2031 ovatis,
1394 1988 1518 2023 mediis
1544 1988 1721 2032 oblongis,
1746 1988 1879 2023 intimis

177 2038 383 2072 lanceolatis
408 2038 559 2072 breviter
584 2038 803 2081 acuminatis,
830 2037 991 2071 omnibus
1016 2047 1037 2069 a
1060 2036 1138 2070 basi
1161 2034 1204 2068 ad
1223 2034 1375 2068 medium
1400 2035 1597 2077 hei-baccis,
1623 2042 1779 2070 ceterum
1804 2045 1878 2069 sca-

176 2085 290 2129 riosis,
316 2091 416 2128 parte
442 2084 600 2118 coriacea
625 2084 734 2119 dilute
753 2083 854 2119 fusca
870 2082 1235 2125 brunneo—maculata,
1260 2080 1407 2116 floribus
1425 2082 1671 2126 albicantibus,
1697 2081 1879 2116 achaeniis

177 2130 345 2175 adpresse
376 2131 568 2175 puberulis.
603 2151 646 2156 —
678 2131 807 2165 Planta
840 2130 928 2165 haec
961 2129 1075 2164 adhuc
1111 2128 1218 2162 dubia
1252 2127 1377 2162 habitu
1408 2127 1588 2163 simillima
1621 2135 1674 2164 est
1705 2128 1746 2163 G.
1773 2127 1877 2162 Ein-

178 2178 354 2213 seleano
378 2177 419 2211 F.
446 2178 629 2212 SCHULTZ
654 2178 754 2212 herb.
780 2188 891 2211 norm.
918 2188 950 2211 11.
975 2177 1063 2210 498!
1091 2175 1167 2219 (sub
1195 2173 1456 2218 Omalotheca),
1489 2174 1582 2220 quod
1617 2186 1660 2210 ex
1692 2185 1771 2210 mea
1802 2185 1879 2209 sen-

176 2224 288 2259 tentia
320 2224 369 2257 nil
400 2230 453 2259 est
484 2225 550 2259 nisi
574 2225 686 2259 forma
711 2225 830 2268 alpina
855 2222 896 2258 G.
924 2222 1085 2258 silvatici.
1136 2220 1177 2255 G.
1204 2220 1493 2265 Hoppeanum
1516 2220 1636 2256 KOOH
1661 2222 1727 2257 Gn.
1754 2221 1877 2266 supino

178 2271 218 2305 L.
245 2270 458 2305 simillimum
483 2276 625 2315 praeter
650 2277 823 2306 staturam
847 2280 1055 2315 pygmaeam
1080 2268 1244 2303 calathiis
1268 2268 1391 2311 paucis
1416 2268 1452 2301 in
1477 2268 1670 2312 capitulum
1692 2267 1877 2303 terminale

176 2317 270 2352 foliis
295 2317 437 2352 summis
461 2317 715 2352 involucratum
742 2324 776 2352 et
805 2317 959 2361 squamis
990 2315 1149 2351 anthedii
1174 2314 1332 2349 omnibus
1360 2315 1472 2349 acutis
1499 2324 1519 2348 a
1544 2315 1667 2359 planta
1690 2315 1877 2359 hispanica

176 2364 312 2407 longius
343 2363 462 2399 distat.
510 2364 673 2400 Amiciss.
709 2363 856 2398 LANGE
889 2364 981 2398 hanc
1013 2362 1148 2408 prolem
1182 2360 1370 2406 hybridam
1401 2371 1479 2396 esse
1516 2359 1582 2396 Gn.
1619 2361 1806 2405 norwegici
1842 2366 1878 2396 et

177 2410 292 2455 supini
316 2412 524 2455 suspicatur.

271 2457 312 2490 In
342 2458 481 2500 regione
512 2457 630 2501 alpina
654 2457 869 2500 Pyrenaeor.
895 2455 1112 2499 Aragoniae:
1147 2454 1313 2499 Portillo,
1346 2453 1546 2489 Maladetta
1570 2454 1714 2499 (Puerto
1739 2452 1782 2487 de
1807 2452 1873 2487 Be-

223 2514 366 2547 nasque,
393 2504 437 2538 ad
461 2503 647 2547 Renclusa,
673 2503 828 2547 ZETT.);
854 2523 897 2527 —
914 2514 985 2537 var.
1000 2503 1074 2537 loco
1093 2502 1322 2536 Pefiablanca
1340 2501 1434 2536 dicto
1455 2501 1491 2535 in
1509 2500 1685 2536 consortio
1703 2499 1745 2534 G.
1764 2499 1880 2544 supini

223 2560 314 2595 raro,
340 2549 454 2584 LGE.!
481 2570 525 2574 ——
555 2560 578 2589 zi
604 2551 694 2593 Aug.
722 2551 764 2594 (v.
791 2550 832 2594 s.)
1848 2590 1851 2591 ⁷

268 2596 357 2631 Hab.
385 2597 519 2641 species
543 2597 578 2630 in
603 2596 749 2641 Pyr-en,
774 2596 920 2639 Voges,
947 2595 1087 2639 Alpib.,
1120 2594 1297 2629 montibus
1323 2593 1536 2628 Germaniae
1563 2593 1721 2637 edition,
1747 2590 1878 2635 sudet,

225 2641 403 2688 Carpafflr,
430 2643 465 2676 in
488 2643 522 2676 N
525 2644 686 2687 orwegia,
712 2643 883 2688 Lappon,
909 2641 1072 2675 Finland.
1099 2641 1242 2677 boreali.

271 2701 372 2734 1356.
421 2702 469 2734 Gr.
503 2703 700 2741 supinum
725 2700 765 2735 L.
793 2700 875 2735 Cod.
909 2711 941 2734 n.
969 2700 1075 2733 6191!
1118 2698 1189 2734 GR.
1216 2698 1345 2734 GODR.
1377 2698 1400 2732 l.
1426 2709 1453 2732 c.
1486 2709 1520 2742 p.
1548 2697 1632 2731 188!
1675 2695 1800 2730 ROHB.
1826 2694 1874 2729 Ic.

175 2746 198 2780 l.
217 2757 244 2780 c.
270 2751 294 2780 t.
313 2747 368 2791 61,
394 2746 416 2780 f.
436 2746 490 2781 II!
519 2746 761 2790 (Omalotheca
785 2747 910 2792 supina
930 2746 1055 2790 CASS.)
1086 2745 1203 2781 Dense
1221 2746 1468 2790 caespitosum,
1494 2744 1875 2785 lanato-tomentosum,

176 2803 376 2833 canescens,
404 2793 561 2827 caulibus
587 2793 881 2829 adscendentibus
899 2795 1014 2826 2—-3‘⁴
1029 2793 1050 2826 l.
1070 2793 1299 2837 simplicibus,
1316 2790 1568 2836 paucifoliatis,
1587 2789 1680 2824 foliis
1699 2789 1876 2823 turionum

175 2839 460 2883 basilaribusque
486 2839 713 2883 fasciculatis,
740 2841 899 2875 omnibus
925 2839 1285 2883 lineari-lanceolatis,
1312 2848 1419 2882 supra
1443 2837 1545 2871 basin
1568 2836 1753 2871 dilatatam
1770 2845 1877 2869 mem-

175 2886 386 2921 branaceam
421 2886 629 2929 attenuatis,
665 2887 795 2931 acutis,
831 2886 1037 2928 uninerviis,
1072 2885 1254 2920 floralibus
1279 2884 1409 2918 infimis
1446 2883 1612 2918 calathiis
1649 2882 1875 2925 longioribus,

179 2933 323 2967 summis
358 2932 408 2967 eis
442 2932 678 2977 brevioribus,
713 2933 876 2974 calathiis
909 2932 1137 2977 axillaribus,
1170 2932 1206 2966 in
1232 2932 1365 2976 spicam
1389 2930 1531 2964 brevem
1556 2930 1673 2963 laxam
1699 2928 1799 2973 apice
1824 2928 1875 2961 in-

175 2990 314 3014 curvam
339 2984 399 3013 aut
423 2979 460 3012 in
485 2979 677 3023 capitulum
700 2979 892 3024 dispositis,
919 2979 1095 3024 2¹,s2-—3‘0
1113 2979 1152 3024 l.;
1179 2977 1339 3012 anthodii
1358 2976 1513 3020 squamis
1531 2975 1711 3020 adpressis
1730 2975 1875 3019 obtusis,

173 3036 194 3060 a
218 3027 296 3061 basi
330 3036 437 3070 supra
468 3025 621 3059 medium
645 3030 765 3069 *usque
796 3025 1121 3068 viridi-herbaceis,
1158 3025 1258 3069 apice
1291 3029 1326 3059 et
1357 3023 1516 3066 margine
1553 3021 1873 3065 badio-scariosi83

173 3071 317 3108 floribus
342 3073 588 3118 albicantibus,
613 3072 793 3106 achaeniis
817 3083 924 3116 parce
949 3072 1143 3117 puberulis.
