1947 3296
968 124 1060 168 198

213 245 305 279 enim
330 245 487 286 calathii,
512 245 701 289 praecipue
727 244 841 279 forma
859 255 1094 290 squamarum,
1119 251 1155 280 et
1179 244 1428 280 achaeniorum
1443 245 1544 280 valde
1562 245 1738 280 distincta.
1775 244 1863 280 For-

213 302 289 326 mas
312 291 539 327 intermedias
564 292 743 336 hucusque
768 303 838 326 non
860 291 941 326 vidi.

261 361 363 395 1717.
413 363 455 395 C.
481 366 638 396 nutans
662 361 702 396 L.
731 360 812 397 Cod.
846 363 953 396 5946!
993 360 1063 395 GR.
1090 359 1220 395 GODR.
1254 360 1275 394 l.
1303 371 1330 394 c.
1363 372 1397 405 p.
1425 363 1510 396 231!
1547 360 1671 396 RCHB.
1705 360 1753 396 Ic.
1786 361 1809 396 l.
1835 372 1863 395 c.

167 413 193 443 t.
219 408 297 451 146,
322 407 345 442 f.
372 406 399 452 l,
425 407 477 443 II!
528 408 635 442 Semi·
662 408 934 453 sesquipedalis,
960 408 1061 441 caule
1087 412 1204 442 erecto
1229 408 1383 451 robusto,
1410 407 1563 452 simplici
1586 420 1615 442 v.
1641 418 1790 451 ramoso,
1813 407 1865 442 in-

167 459 326 498 terrupte
352 454 457 499 alato,
484 465 667 500 araneoso,
693 466 770 489 cum
795 456 903 489 ramis
929 454 1029 498 apice
1054 453 1133 497 plus
1158 455 1270 488 minus
1296 454 1397 496 longe
1423 454 1516 489 nudo
1533 459 1746 499 tomentos03
1772 454 1866 489 foliis

166 501 351 543 viridibus,
385 502 864 546 araneoso—pubescentibus,
897 500 1238 545 spinuloso-ciliatis,
1273 500 1490 544 pinnatifidis
1521 513 1550 535 v.
1575 501 1868 545 pinnatipartitis,

168 547 306 583 laciniis
331 547 533 582 inferiorum
558 549 711 592 trilobis,
745 548 834 582 lobis
859 547 1020 581 foliorum
1054 547 1260 590 alarumque
1295 546 1466 591 dentatis,
1501 547 1664 582 dentibus
1695 547 1866 592 spinosis3

170 594 334 631 calathiis
359 595 496 637 magnis
521 595 742 638 nutantibus,
770 593 931 628 anthodii
956 593 1159 636 subglobosi
1183 593 1259 628 basi
1286 593 1462 638 depressi,
1490 595 1532 627 1⁰
1559 594 1663 628 diam.
1689 594 1764 634 lati,
1791 604 1868 628 ara-

169 642 267 676 neosi
291 641 445 685 squamis
471 642 704 675 exterioribus
729 640 923 684 mediisque
948 640 1024 674 basi
1051 640 1218 683 enerviis,
1252 650 1272 674 a
1296 640 1410 674 medio
1435 640 1470 674 in
1496 640 1870 685 acumenpatentissi-

169 699 264 724 mum
289 693 424 722 rectum
448 687 827 722 lineari-lanceolatum
859 686 1133 721 canaliculatum
1165 687 1369 731 spinescens
1403 687 1607 722 contractis.
1643 687 1870 722 interioribus

170 734 397 777 acuminatis,
435 735 571 778 apicem
604 744 725 769 versus
756 733 1144 778 purpureo-scariosis,
1177 732 1498 778 arcuato-reflexis,
1532 734 1740 768 corollarum
1773 733 1870 769 disco

172 781 286 815 1-2¹¹
304 781 406 815 diam.
424 781 661 823 brevioribus;
688 780 826 815 corollis
843 780 1044 825 purpureis,
1062 790 1143 813 raro
1161 780 1261 824 albis,
1285 780 1466 814 moschum
1490 781 1718 825 spirantibus,
1744 781 1871 815 achae-

169 828 238 864 niis
264 826 438 872 1¹s2—2“‘
462 827 484 861 l.
510 827 780 872 rufescentibus,
805 827 951 871 striatis,
978 827 1184 871 granulatis,
1208 837 1326 871 pappo
1350 827 1457 870 triplo
1480 827 1711 870 brevioribus,
1735 827 1870 872 papilla

172 874 322 910 centrali
348 873 517 917 depressa
541 874 791 918 quinqueloba.

267 921 309 954 In
342 920 538 964 sterilibus,
570 920 746 956 ruderatis
770 920 922 963 regionis
947 918 1123 954 inferioris
1149 924 1183 954 et
1208 919 1462 954 submontanae
1488 919 1683 964 Hispaniae
1707 920 1873 963 borealis,

221 967 389 1003 centralis
415 972 450 1001 et
473 967 807 1009 austro-orientalis,
832 966 928 1000 haud
953 966 1134 1010 frequens:
1160 967 1196 999 in
1214 966 1360 1000 Cantab.
1381 966 1446 1011 (pr.
1464 966 1703 1010 Portugalete,
1729 966 1872 1011 LGE.!),

221 1014 315 1050 Cast.
348 1018 497 1058 utraque
529 1014 578 1058 (in
612 1020 720 1049 mont.
757 1025 821 1059 pr„
836 1013 958 1055 Avila,
994 1023 1078 1056 agro
1103 1013 1330 1057 Madritensi,
1363 1012 1494 1048 ditione
1520 1013 1699 1056 Alcarria,
1726 1013 1877 1058 COLM),

221 1061 376 1104 Aragon.
403 1061 580 1104 (Monreal
605 1060 661 1095 del
687 1061 828 1104 Campo,
853 1071 906 1105 pr.
932 1060 1137 1094 Almonacir
1162 1059 1204 1094 de
1229 1060 1264 1093 la
1285 1060 1391 1105 Cuba,
1418 1062 1518 1103 Ass„
1543 1060 1694 1094 Rambla
1719 1060 1776 1094 del
1793 1059 1876 1094 Gal-

220 1107 318 1151 lego,
343 1106 460 1149 ECH.,
486 1107 638 1141 Rambla
671 1107 728 1142 del
753 1108 966 1142 Matarrafia
996 1118 1048 1151 pr.
1074 1106 1227 1151 Jabara,
1253 1106 1370 1141 LOSC.
1397 1106 1560 1151 PARD.),
1597 1106 1706 1141 Catal.
1741 1108 1876 1152 (versus

221 1153 512 1244 {sparraguejrffi
545 1153 702 1199 COLM.),
739 1165 848 1198 regno
885 1153 1025 1188 Valent.
1064 1153 1113 1197 (in
1149 1153 1241 1187 valle
1272 1153 1453 1199 Albayda,
1487 1153 1609 1198 CAV.).
1642 1173 1686 1178 —
1714 1155 1755 1193 ό.
1792 1153 1875 1199 Jul.,

259 1211 314 1244 ug.
354 1213 383 1236 v.
411 1212 464 1236 s..

270 1201 363 1283 Hali.
386 1247 422 1282 in
447 1246 594 1293 Europa
619 1248 722 1290 omni,
747 1247 904 1292 exceptis
929 1246 1100 1292 Lappon.,
1126 1245 1290 1280 Finland.
1316 1250 1353 1280 et
1377 1246 1506 1281 Rossia
1529 1245 1675 1281 boreali.

271 1304 447 1341 Observ.
495 1305 609 1350 Stirps
634 1315 653 1340 e
679 1305 836 1340 Castella
860 1304 1005 1340 laudata
1029 1304 1073 1339 ad
1099 1304 1134 1338 C.
1159 1302 1405 1349 platypodem,
1437 1304 1561 1348 planta
1585 1314 1796 1350 aragonesa,
1822 1314 1878 1340 ca-

225 1352 404 1387 talaunica
428 1357 464 1388 et
488 1352 666 1388 valentina
690 1352 735 1387 ad
759 1352 913 1397 speciem
939 1356 1145 1396 sequentem
1170 1351 1322 1386 fortasse
1346 1351 1510 1396 pertinet.

274 1423 377 1456 1718.
424 1424 466 1456 C.
504 1424 836 1464 chrysaoanthus
869 1421 967 1456 ΤΕΝ.
1000 1420 1075 1456 Ind.
1109 1431 1193 1455 sem.
1221 1420 1323 1455 1825.
1362 1420 1432 1455 DC.
1465 1419 1588 1455 Prodr.
1620 1419 1690 1465 VI,
1725 1431 1758 1464 p.
1791 1421 1877 1455 622!

179 1467 306 1504 ROHB.
333 1468 382 1504 Ic.
415 1468 439 1503 l.
464 1479 493 1503 c.
527 1474 550 1503 t.
579 1470 665 1513 147,
698 1468 720 1503 f.
746 1468 821 1503 III!
872 1467 1001 1503 Differt
1032 1479 1053 1502 a
1086 1467 1249 1512 praeced.
1282 1467 1381 1502 caule
1414 1467 1592 1511 ramisque
1617 1466 1663 1501 ad
1687 1467 1881 1502 calathium

179 1526 290 1560 usque
315 1515 420 1550 alatis
446 1515 715 1560 spinosissimjs,
741 1515 907 1550 calathiis
933 1514 1089 1558 cernuis,
1118 1514 1274 1559 squamis
1300 1514 1458 1549 anthodii
1483 1514 1718 1549 exterioribus
1742 1513 1880 1548 mediis-

180 1573 248 1608 que
278 1561 440 1606 reflexis,
475 1562 636 1597 acumine
666 1562 772 1607 plano
807 1562 1145 1596 lineari-lanceolam
1179 1561 1282 1604 longe
1310 1566 1451 1596 acutato
1478 1562 1699 1606 spinescente
1725 1561 1880 1605 munitis,

180 1609 408 1645 interioribus
432 1609 561 1644 erectis
587 1608 780 1654 cuspidatis
805 1608 1159 1654 purpurascentibus,
1191 1608 1372 1643 achaeniis
1399 1608 1454 1641 1”’
1479 1608 1500 1642 l.
1525 1608 1634 1643 fuscis
1658 1618 1775 1652 pappo
1801 1607 1881 1642 albo

181 1656 360 1692 multoties
385 1655 617 1694 brevioribus.
641 1656 776 1700 papilla
792 1655 938 1690 centrali
956 1655 1055 1689 valde
1074 1655 1292 1699 prominente
1310 1655 1498 1690 subconica
1518 1655 1617 1699 apice
1636 1654 1880 1698 quinqueloba.

183 1702 488 1747 -Glabrescens,
513 1702 646 1746 viridis,
673 1703 780 1747 spinis
804 1701 1074 1737 flavescentibus
1093 1701 1219 1735 2—3‘¹¹
1234 1701 1256 1736 l.
1274 1701 1449 1736 horridus.
1484 1701 1644 1736 Corollae
1669 1711 1881 1746 purpureae.

321 1762 359 1803 β.
384 1759 674 1802 leucanthus,
708 1760 848 1795 corollis
874 1760 1021 1804 albidis,
1048 1759 1229 1794 achaeniis
1256 1759 1312 1792 2¹⁰
1336 1759 1358 1794 l.
1384 1770 1501 1804 pappo
1527 1759 1724 1803 quadruplo
1748 1758 1883 1793 brevio-

391 1807 501 1852 ribus,
528 1807 683 1851 squamis
708 1806 868 1842 anthodii
892 1807 1119 1841 interioribus
1144 1805 1296 1851 pallidis.
1345 1806 1509 1841 Calathia
1535 1806 1579 1839 2‘¹
1605 1806 1708 1840 diam.
1736 1805 1786 1848 (C.
1811 1814 1882 1839 ma-

397 1854 628 1898 crocephalus
653 1853 763 1888 Coss.
789 1854 825 1888 in
850 1853 1004 1888 BOURG.
1030 1853 1077 1898 pl.
1104 1854 1196 1898 hisp.
1222 1863 1294 1887 exs.
1323 1853 1424 1887 1864!
1449 1853 1506 1887 vix
1531 1852 1665 1896 DESF.)

280 1899 322 1934 In
346 1900 541 1945 ruderatis,
567 1901 758 1945 glareosis,
790 1900 933 1945 pascuis
956 1900 1110 1943 regionis
1135 1899 1310 1934 inferioris
1334 1905 1369 1934 et
1393 1905 1581 1934 montanae
1606 1898 1801 1943 Hispaniae
1825 1898 1884 1933 bo-

229 1946 336 1981 realis
361 1953 397 1981 et
421 1947 602 1982 orientalis
627 1947 778 1990 passim:
806 1948 841 1982 in
859 1946 993 1982 Gallec.
1022 1946 1078 1990 (ad
1103 1957 1183 1991 pag.
1209 1946 1281 1981 Sta.
1307 1946 1435 1989 Isabel,
1462 1946 1605 1990 LGE.!),
1630 1946 1791 1980 Navarra
1817 1946 1882 1989 (pr.

230 1993 444 2037 Pamplona,
472 1993 591 2038 WK.)‚
619 1994 730 2028 Catal.
756 1994 803 2038 (in
829 1994 956 2039 Pyren.
982 1993 1063 2028 inde
1088 2004 1110 2027 a
1134 1993 1330 2028 Castanesa
1355 1992 1399 2027 ad
1424 1993 1586 2037 Bassive,
1621 2003 1665 2027 en
1696 1992 1728 2027 el
1754 1992 1884 2026 Puerto

232 2039 275 2075 de
299 2039 432 2124 {all-lass
458 2040 625 2130 CZTA.!3;
644 2040 745 2131 —)l.3.
772 2041 808 2074 in
831 2051 938 2084 regno
963 2040 1108 2083 Legion.
1135 2040 1192 2084 (ad
1217 2039 1392 2075 Convento
1418 2039 1460 2074 de
1486 2040 1610 2083 Arvas,
1635 2039 1820 2082 BOURG.!)
1839 2058 1884 2062 -—

232 2106 276 2112 ·-—-
338 2115 344 2120 .
397 2099 454 2131 u.,
514 2098 570 2130 ug.
610 2099 639 2121 v.
664 2099 721 2121 v..

279 2132 369 2167 Hab.
396 2133 431 2168 in
455 2143 564 2177 regno
589 2133 738 2178 Neapol.
765 2138 799 2167 et
823 2132 1015 2167 Dalmatia.

280 2190 455 2226 Observ.
489 2191 618 2227 Planta
635 2191 866 2231 catalaunica,
892 2191 1084 2236 praecipue
1109 2189 1154 2224 ad
1170 2191 1301 2225 Puerto
1327 2189 1369 2224 de
1388 2189 1506 2225 Pallas
1531 2200 1704 2234 crescens,
1730 2200 1751 2223 a
1774 2189 1887 2223 forma

233 2238 354 2283 typica
378 2239 537 2273 acumine
563 2249 787 2282 squamarum
803 2238 1017 2272 exteriorum
1036 2237 1299 2280 mediarumque
1317 2237 1700 2272 subovato-lanceolato
1716 2235 1887 2279 breviore,

234 2285 327 2320 foliis
358 2285 471 2319 minus
505 2285 654 2329 spinosis
689 2292 723 2319 et
753 2285 860 2319 ramis
892 2285 955 2319 sub
987 2284 1140 2318 calathio
1171 2294 1276 2327 saepe
1310 2283 1478 2318 subnudis
1511 2283 1645 2318 recedit
1676 2288 1711 2317 et
1735 2282 1887 2317 fortasse

239 2331 392 2377 speciem
418 2332 597 2377 propriam
624 2331 816 2367 constituit.
859 2332 891 2365 A
918 2331 953 2367 C.
980 2330 1197 2376 platylepide
1223 2331 1340 2365 SAUT.
1368 2330 1505 2375 (RCHB.
1531 2331 1578 2365 Ic.
1603 2331 1626 2364 l.
1653 2341 1680 2364 c.
1707 2328 1730 2363 f.
1757 2329 1784 2372 I,
1811 2328 1888 2372 112),

236 2378 291 2414 cui
316 2384 461 2423 propter
486 2389 712 2423 squamarum
737 2388 883 2412 acumen
908 2378 1019 2412 latum
1046 2383 1079 2412 et
1104 2378 1209 2411 breve
1236 2377 1376 2421 similis,
1412 2377 1523 2422 spinis
1549 2377 1635 2412 satis
1660 2375 1888 2419 longioribus,

236 2425 401 2460 calathiis
430 2425 600 2460 solitariis
631 2425 740 2460 multo
772 2424 982 2468 majoribus.
1020 2424 1187 2459 anthodio
1220 2424 1364 2467 globoso
1382 2430 1447 2459 etc.
1474 2424 1587 2469 primo
1612 2423 1742 2458 intuitu
1766 2422 1888 2457 distin-

237 2472 366 2515 guitur.
384 2492 427 2496 —
444 2472 610 2507 Varietas
635 2472 826 2507 leucantha
851 2471 1046 2506 certissime
1073 2471 1116 2505 ad
1135 2471 1287 2515 speciem
1304 2471 1339 2505 in
1356 2471 1530 2516 Hispania
1548 2469 1681 2505 boreali
1698 2474 1736 2504 ut
1752 2469 1890 2503 videtur

238 2517 453 2562 divulgatam
485 2519 650 2564 pertinet.
700 2518 735 2553 C.
762 2518 1069 2562 macrocephalum
1095 2517 1215 2552 DESF.
1242 2517 1393 2552 nondum
1419 2517 1505 2559 vidi,
1532 2517 1594 2552 sed
1617 2517 1675 2551 vix
1699 2516 1889 2560 crederem,

238 2565 398 2610 plantam
430 2575 448 2599 e
482 2566 625 2609 regione
657 2564 771 2600 calida
801 2565 900 2608 regni
926 2564 1101 2599 Tunetani
1135 2570 1170 2600 et
1203 2564 1431 2608 Neapolitani
1461 2565 1497 2598 in
1528 2564 1669 2607 regione
1702 2562 1889 2607 subalpina

240 2611 433 2656 Hispaniae
456 2613 609 2647 borealis
635 2611 830 2657 provenire.

287 2682 388 2715 1719.
439 2683 481 2715 c.
507 2683 673 2716 medius
698 2681 795 2716 Gon.
821 2681 875 2716 Ill.
901 2693 934 2725 p.
961 2682 1015 2721 62,
1041 2686 1065 2716 t.
1096 2682 1156 2715 24!
1205 2680 1276 2715 GR.
1303 2679 1432 2715 Gonu.
1458 2679 1480 2713 1.
1506 2691 1534 2714 e.
1569 2691 1601 2724 p.
1630 2680 1714 2713 236!
1763 2678 1889 2714 Rcmz.

194 2727 242 2763 Ic.
266 2727 289 2762 1.
316 2739 344 2762 c.
369 2732 393 2761 t.
421 2730 498 2764 140.
529 2729 551 2762 f.
578 2729 611 2763 I!
649 2728 812 2772 (Cirsium
837 2728 1041 2763 inclinatum
1066 2727 1218 2772 LAMK.,
1244 2727 1370 2761 Cnicus
1395 2727 1593 2769 Argemone
1618 2725 1737 2767 LAP..
1764 2725 1890 2760 Cnicus

194 2774 332 2810 Gouani
356 2774 429 2819 W.)
476 2774 625 2819 Viridis,
661 2776 760 2810 caule
786 2782 902 2810 erecto
935 2787 963 2809 v.
990 2774 1223 2809 adscendente
1251 2773 1403 2819 1—1¹l2‘
1428 2773 1467 2817 l.,
1502 2772 1653 2816 simplici
1686 2785 1714 2806 v.
1743 2783 1890 2815 ramoso,

196 2832 275 2857 cum
298 2821 406 2855 ramis
431 2820 475 2854 ad
500 2821 653 2855 medium
678 2833 788 2866 usque
812 2822 952 2866 folioso,
987 2821 1112 2856 deinde
1139 2821 1298 2856 subnudo
1324 2818 1671 2856 arcuato-inclinato.
1706 2829 1890 2853 araneoso-

194 2867 416 2912 lanuginoso;
448 2867 539 2902 foliis
573 2868 1008 2913 sinuato-pinnatipartitis
1032 2867 1349 2912 glabrescentibus,
1383 2866 1518 2901 laciniis
1550 2865 1806 2910 patentissimis
1831 2864 1892 2900 tri-

195 2913 287 2960 fidis,
310 2914 401 2949 lobis
427 2914 751 2958 spinuloso-ciliatis
769 2915 870 2959 spina
886 2915 982 2950 brevi
998 2915 1095 2950 tenui
1112 2914 1330 2957 terminatis;
1356 2912 1519 2947 calathiis
1537 2912 1771 2947 mediocribus
1788 2911 1891 2955 longe

196 2960 440 3006 pedunculatis
473 2961 677 2996 nutantibus
709 2974 738 2996 v.
764 2961 968 3002 declinatis,
1004 2961 1163 2995 anthodii
1187 2960 1280 2995 ovati
1305 2959 1433 2994 8—9¹¹‘
1457 2959 1479 2994 l.
1506 2960 1662 3003 squamis
1685 2958 1892 3002 virentibus,

195 3017 303 3053 parce
320 3006 565 3043 arachnoideis
581 3008 942 3051 lineari-lanceolatis,
960 3009 1194 3043 exterioribus
1211 3006 1402 3050 mediisque
1424 3006 1643 3051 acuminatis,
1668 3005 1770 3040 dorso
1787 3015 1892 3039 nervo

197 3053 312 3089 medio
335 3055 371 3088 in
396 3054 573 3100 spinulam
598 3054 736 3089 brevem
763 3060 971 3090 excurrente
997 3054 1181 3096 carinatis.
1206 3052 1339 3099 patulis
1363 3065 1393 3087 v.
1419 3053 1518 3098 apice
1545 3051 1817 3096 subrecurvatis,
1842 3051 1891 3084 in-
