1947 3296
884 122 942 165 69

61 240 188 287 parvis,
217 239 270 274 vix
297 238 404 283 1¹s²‘'‘
428 238 502 283 lat.,
527 237 760 283 pedicellatis,
785 239 940 275 bracteis
965 239 1162 276 linearibus
1188 242 1340 286 stipatis,
1365 245 1582 289 nutantibus,
1607 246 1641 279 in
1668 255 1764 280 race-

59 299 134 324 mos
160 285 332 322 secundos
357 286 457 320 laxos
482 285 633 328 graciles
658 291 795 320 erectos
819 286 1018 331 paniculam
1044 293 1231 331 angustam
1255 289 1447 325 formantes
1473 291 1670 337 dispositis;
1704 302 1765 326 an-

60 334 174 371 thodii
193 332 353 376 angulati
369 337 471 366 extus
496 332 732 375 pulverulenti
755 333 911 376 squamis
935 334 1170 369 exterioribus
1188 335 1381 370 linearibus
1401 337 1596 379 herbaceis,
1622 339 1765 373 interio-

59 383 158 417 ribus
193 379 471 421 ovali-oblongis,
504 379 576 413 late
611 379 1023 423 scarioso-marginatis2
1058 381 1239 417 achaeniis
1272 382 1415 425 glabris.
1442 402 1487 408 —-
1520 384 1612 418 Tota
1641 385 1764 429 planta

59 429 203 465 odorem
229 435 370 470 gravem
395 424 680 467 therebinthinae
711 426 835 469 spirat.

197 473 236 516 β.
263 471 556 515 glabrescens
584 471 672 506 WK.
708 471 875 507 Differta
893 472 1011 517 specie
1028 472 1123 508 foliis
1149 474 1294 519 glabris,
1322 476 1511 518 segmentis
1535 478 1762 512 mucronatis.

197 532 233 565 gy.
258 518 511 562 petiolaris
535 517 623 553 WK.
660 518 716 562 (A.
742 519 971 553 Absinthium
996 521 1096 554 var?
1129 519 1421 556 Willkommiana
1446 522 1481 557 C.
1507 522 1551 557 H.
1578 523 1763 558 SCHULTZ

264 565 342 609 Bip.
368 575 423 609 ap.
451 564 539 599 WK.
566 565 655 600 Sert.
681 564 716 600 fl.
744 566 835 610 hisp.
862 577 894 600 n.
922 567 1032 610 5082).
1081 566 1184 601 Folia
1209 568 1372 612 utrinque
1397 569 1603 604 brevissime
1628 570 1762 605 lanato-

262 611 480 692 tome1liltella,
506 612 740 648 canescentia.
765 612 897 657 petiolo
923 613 1026 656 longo
1052 613 1167 658 alato,
1192 616 1341 651 racemis
1365 616 1515 651 arrectis
1539 616 1762 652 filiformibus

286 668 360 692 raci
390 669 480 693 1m1s.

149 704 190 738 In
215 669 325 739 aridis
349 705 502 748 regionis
519 704 696 739 inferioris
717 711 752 740 et
770 710 956 740 montanae
974 705 1169 750 Hispaniae
1185 707 1380 753 orientalis,
1405 718 1503 743 raro:
1532 720 1567 744 a.
1594 709 1630 743 in
1648 709 1758 744 Catal.

104 751 237 794 (versus
262 752 297 786 la
322 751 483 795 Segarra.
511 751 639 786 ISERN
653 752 687 796 1),
723 751 762 789 13.
788 752 824 786 in
849 752 941 787 Cast.
978 763 1067 787 nova
1099 753 1222 789 orient.
1257 754 1315 799 (ad
1347 766 1456 800 rupes
1490 755 1618 791 calcar.
1650 767 1760 801 prope

102 798 238 832 Molina
263 798 306 833 de
331 798 485 842 Aragon.
510 798 687 842 frequens,
716 798 829 842 WK.).
856 818 900 823 —
928 805 949 835 ὅ
974 799 1079 842 Aug,
1106 799 1200 844 Sept.
1227 801 1269 845 (v,
1295 813 1324 836 V.
1351 807 1387 836 et
1412 802 1464 845 s.).

149 844 241 879 Hab.
270 845 407 889 species
432 845 467 879 in
491 844 583 879 Gall.
610 845 759 880 australi
784 851 820 880 et
844 846 1019 890 orientali,
1045 846 1161 880 Italia.

149 890 325 926 Observ.
359 891 416 925 Ad
441 892 532 926 hanc
557 892 712 936 speciem
736 892 892 936 pertinet
914 891 1065 927 fortasse
1087 893 1302 928 »Artemisia
1326 893 1507 935 fruticosa,
1533 893 1627 930 foliis
1652 895 1761 930 linea—

101 938 217 980 ribus,
253 939 465 983 bipinnatis,
502 938 655 982 incanis,
688 937 834 974 floribus
869 939 1081 974 racemosis«
1108 940 1215 974 Asso
1249 940 1330 985 Syn.
1365 952 1397 975 n.
1422 942 1501 975 811.
1537 941 1628 976 Hab.
1656 952 1699 978 en
1724 942 1759 976 la

102 984 246 1019 Dehesa
272 985 315 1020 de
338 985 562 1019 Albarracin.

150 1056 251 1089 1372.
287 1057 336 1089 A.
363 1057 638 1096 camphorata
662 1053 773 1088 VILL.
799 1053 853 1088 Fl.
873 1054 1014 1099 Dauph.
1033 1054 1099 1100 III,
1125 1068 1159 1100 p.
1178 1057 1256 1089 242.
1291 1055 1362 1090 GR.
1381 1055 1510 1090 GODR.
1537 1055 1558 1090 l.
1578 1068 1605 1091 c.
1632 1055 1757 1092 RCHB.

55 1101 78 1137 l.
96 1112 125 1136 c.
151 1107 176 1136 t.
198 1103 276 1142 142,
301 1101 325 1136 f.
352 1101 403 1136 II!
432 1101 487 1145 (A.
513 1101 720 1146 corymbosa
744 1100 879 1135 LAMK.
926 1101 968 1136 A.
996 1103 1254 1137 subcanescens
1280 1101 1337 1136 W.
1371 1103 1414 1137 A.
1441 1104 1614 1146 rupestris
1641 1103 1754 1139 SCOP.

53 1159 119 1182 non
145 1148 200 1193 L.)
249 1148 379 1183 Differt
411 1158 432 1182 a
464 1147 714 1192 praecedente,
750 1158 899 1191 quacum
935 1148 1039 1183 facile
1064 1148 1273 1184 commutari
1297 1154 1424 1193 potest,
1452 1149 1545 1184 foliis
1571 1150 1758 1194 impresso-

53 1195 251 1241 punctatis,
277 1194 484 1240 saepissime
509 1194 829 1239 glabrescentibus,
855 1195 1119 1240 crassiusculis,
1153 1195 1297 1231 odorem
1323 1206 1465 1231 suavem
1490 1197 1758 1241 camphoratam

54 1242 289 1287 spirantibus,
315 1241 480 1276 calathiis
505 1242 718 1286 majoribus,
757 1242 820 1276 sub
846 1242 986 1277 anthesi
1013 1244 1069 1276 2¹⁸
1094 1242 1155 1278 lat.
1181 1243 1217 1276 in
1242 1253 1400 1278 racemos
1425 1243 1539 1278 minus
1564 1244 1664 1279 laxos
1689 1244 1758 1280 dis-

53 1289 191 1334 positis,
216 1289 376 1323 anthodii
401 1288 556 1332 squamis
583 1289 744 1323 omnibus
768 1288 929 1324 concavis
955 1289 1233 1334 ovali-oblongis,
1260 1289 1331 1324 late
1365 1290 1758 1334 scarioso-marginatis.

194 1358 228 1381 a.
255 1346 450 1389 genuina
474 1345 562 1380 WK.
612 1346 715 1381 Rami
739 1344 888 1381 floriferi
923 1346 1030 1382 dense
1063 1347 1195 1390 foliati,
1228 1348 1365 1392 apicem
1399 1358 1521 1383 versus
1552 1348 1758 1392 plerumque

258 1393 500 1437 ramosissimi,
526 1393 671 1428 ramulis
697 1394 838 1437 erectis,
863 1394 1065 1438 paniculam
1090 1394 1291 1438 elongatam
1314 1400 1500 1438 angustam
1515 1394 1758 1430 formantibus.

260 1439 363 1474 Folia
387 1440 555 1474 inferiora
578 1442 621 1473 1¹¹
638 1440 753 1484 longa,
780 1441 966 1485 superiora
989 1441 1097 1476 etiam
1121 1441 1370 1486 pinnatisecta,
1394 1442 1503 1476 limbo
1521 1442 1671 1477 circuitu
1687 1442 1758 1477 late

258 1493 372 1532 ovato,
399 1487 589 1530 segmentis
615 1492 764 1530 anguste
789 1488 982 1522 linearibus
1007 1488 1154 1523 obtusis.

191 1532 229 1574 β.
255 1533 528 1568 Nevadensis
557 1533 643 1568 WK.
678 1533 782 1569 Rami
799 1533 947 1569 floriferi
964 1545 1116 1579 superne
1133 1544 1240 1579 parce
1264 1534 1388 1579 foliati,
1415 1534 1577 1578 subnudi,
1604 1534 1757 1579 plerum-

259 1591 325 1624 que
350 1580 539 1625 simplices,
565 1581 601 1615 in
626 1591 802 1615 racemum
829 1581 971 1625 longum
997 1581 1188 1617 secundum
1214 1580 1427 1616 desinentes.
1461 1581 1566 1616 Folia
1589 1581 1758 1616 inferiora

261 1626 427 1673 ¹s2——3l4¹‘
443 1628 478 1670 l.,
499 1627 681 1671 superiora
697 1627 828 1673 trifida,
847 1628 955 1663 limbo
972 1639 1081 1674 parvo
1099 1628 1250 1663 circuitu
1268 1633 1379 1672 ovato,
1406 1628 1597 1671 segmentis
1615 1629 1757 1663 lineari-

261 1673 467 1709 lanceolatis
493 1674 786 1710 submucronatis.

146 1720 188 1753 In
213 1720 397 1763 glareosis,
422 1721 571 1765 saxosis,
596 1722 831 1766 rupestribus,
857 1721 901 1756 ad
927 1732 1048 1765 rupes:
1077 1734 1111 1755 a.
1137 1722 1172 1755 in
1198 1721 1368 1755 calcareis
1394 1721 1547 1764 regionis
1569 1726 1756 1756 montanae

96 1767 226 1802 veteris
251 1767 426 1802 Castellae
453 1768 509 1811 (ad
535 1767 750 1807 Encinillas,
777 1767 907 1812 LGE.!)
942 1774 977 1802 et
1002 1768 1234 1803 Catalauniae
1261 1770 1325 1811 (pr.
1351 1768 1483 1813 Berga,
1521 1768 1553 1802 S.
1579 1767 1674 1802 Juan
1700 1768 1756 1802 del

97 1812 223 1855 Herm,
249 1814 395 1859 Abella,
422 1814 503 1848 inde
528 1825 548 1848 a
574 1815 610 1850 la
634 1815 699 1849 Seo
725 1814 865 1859 d’Urjel
890 1825 1001 1858 usque
1027 1815 1071 1849 ad
1098 1814 1246 1858 Tremp,
1273 1814 1456 1858 COSTA!);
1491 1817 1528 1854 ρ).
1554 1815 1590 1848 in
1616 1814 1755 1849 Sierrae

96 1859 263 1895 Nevadae
280 1861 392 1895 latere
410 1861 680 1905 septentrionali
697 1861 742 1895 ad
759 1861 820 1896 alt.
842 1863 1027 1905 5—60001,
1054 1861 1179 1906 WBB.,
1205 1861 1307 1895 BSS.!
1335 1860 1436 1896 WK..
1461 1860 1552 1895 FK.!
1579 1861 1754 1897 BOURG.!

95 1906 249 1941 CAMPO.
275 1927 320 1931 —
346 1912 370 1944 b
395 1907 658 1951 Aug—Octob.
685 1908 727 1952 (v.
752 1908 808 1951 v.).

142 1953 235 1987 Hab.
263 1954 400 1998 species
425 1955 461 1988 in
486 1954 590 1998 Gall,
616 1954 727 1999 Helv.,
752 1954 886 1997 Austr.,
914 1954 1043 1997 Hung,
1071 1953 1275 1997 Transsilv.,
1301 1953 1428 1988 Dalm..
1455 1953 1547 1991 Ital..
1575 1954 1706 1989 Sicilia.

144 2024 244 2057 1373.
292 2025 342 2058 A.
367 2026 562 2058 Assoana
591 2023 676 2058 WK.
704 2024 760 2067 (A.
786 2023 958 2069 rupestris
984 2023 1091 2058 Asso
1116 2023 1196 2068 Syn.
1223 2034 1254 2056 n.
1273 2023 1359 2057 809!
1384 2033 1454 2057 non
1479 2023 1532 2068 L.,
1567 2024 1609 2058 A.
1635 2024 1757 2058 lanata

48 2081 84 2113 γ.
116 2069 375 2113 pedemontana
399 2069 470 2105 Dc.
506 2070 527 2104 l.
554 2081 582 2104 c.
615 2081 658 2104 ex
690 2073 812 2115 parte!
862 2070 941 2105 Art.
968 2070 1089 2115 alpina
1126 2070 1162 2103 C.
1189 2069 1232 2103 H.
1260 2070 1446 2103 SCHULTZ
1480 2070 1557 2115 Bip.
1582 2081 1638 2115 ap.
1666 2071 1754 2105 WK.

48 2115 139 2150 Sert.
165 2128 198 2150 n.
221 2117 307 2151 509!
342 2117 584 2161 Absynthium
609 2117 779 2161 pumilum
804 2117 998 2162 palmatum
1023 2117 1138 2151 minus
1164 2117 1388 2160 hispanicum
1413 2117 1540 2151 BARR.
1568 2117 1615 2152 Ic.
1641 2118 1754 2162 4621).

47 2162 245 2207 Herbacea,
270 2163 464 2198 rhizomate
490 2170 636 2208 repente
663 2164 912 2207 ramosissimo,
939 2164 1093 2199 turiones
1118 2173 1322 2198 numerosos
1347 2162 1491 2199 foliosos
1515 2164 1640 2199 breves
1658 2175 1753 2200 caes-

47 2209 138 2254 pites
172 2210 271 2245 laxos
303 2222 332 2244 v.
367 2215 568 2255 compactos
601 2210 793 2246 formantes
829 2211 1018 2254 caulesque
1056 2210 1232 2245 florifer-os
1274 2209 1418 2255 edente3
1455 2210 1550 2245 foliis
1586 2211 1753 2255 utrinque

46 2256 196 2291 sericeo·
222 2261 257 2291 et
282 2258 685 2302 argenteo-tomentosis,
709 2258 886 2292 tui-ionum
911 2257 1195 2300 basilaribusque
1213 2256 1393 2301 petiolatis
1412 2257 1554 2301 (petiolo
1576 2269 1644 2292 non
1662 2258 1754 2292 auri-

45 2303 186 2348 culato),
207 2303 355 2338 circuitu
379 2303 852 2348 fiabellato-orbicularibus,
877 2304 1166 2339 triternatisectis
1191 2316 1221 2338 V.
1240 2304 1651 2348 ternato-pinnatisectis,
1678 2316 1752 2348 seg-

44 2350 172 2385 mentis
197 2350 549 2385 lineari—lanceolatis
575 2350 709 2395 acutis3
735 2351 896 2385 caulibus
922 2352 1036 2385 3—9“
1062 2352 1084 2385 l.
1111 2351 1250 2394 erectis,
1275 2350 1493 2395 simplicibus
1517 2351 1573 2385 vel
1599 2362 1751 2396 superne

45 2396 464 2440 paniculato-ramulosis,
490 2398 812 2443 cano-tomentosis,
837 2397 922 2432 folia
946 2408 1060 2442 pauca
1085 2398 1225 2433 sessilia
1248 2397 1457 2441 pinnatifida
1474 2408 1584 2442 parva
1600 2398 1752 2441 gerenti-

45 2443 110 2477 bus
143 2442 292 2486 ideoque
324 2444 508 2489 subnudis3
543 2445 709 2479 calathiis
735 2444 1018 2490 2-21,1'2“‘lat.,
1052 2445 1207 2479 breviter
1236 2443 1498 2488 peduncnlatis,
1535 2445 1753 2489 nutantibus,

45 2494 106 2523 aut
131 2488 168 2523 in
191 2499 369 2523 racemum
395 2491 584 2525 secundum
610 2491 804 2536 simplicem
829 2496 891 2526 aut
914 2491 950 2525 in
976 2501 1135 2526 racemos
1159 2490 1381 2535 paniculatos
1408 2490 1609 2535 dispositis,
1633 2492 1751 2526 multi-

44 2534 152 2580 floris,
172 2535 382 2580 pedunculis
398 2537 551 2572 bracteis
570 2538 699 2573 trifidis
722 2539 882 2583 stipatis;
909 2538 1067 2572 anthodii
1086 2537 1241 2581 squamis
1260 2537 1467 2571 lanceolatis
1486 2538 1622 2573 obtusis
1640 2539 1751 2573 corol-

44 2582 159 2626 lisque
177 2583 277 2627 apice
295 2582 401 2618 dense
420 2584 772 2629 lanato-tomentosis,
790 2585 932 2620 corollis
950 2584 1208 2629 campanulatis
1225 2594 1304 2618 cum
1321 2584 1439 2618 ovario
1459 2586 1514 2617 1m
1532 2584 1566 2630 l.,
1593 2585 1749 2628 costatis,

45 2634 147 2664 extus
171 2635 206 2663 et
232 2629 332 2674 apice
359 2629 465 2665 dense
490 2631 845 2675 lanato—tomentosis,
870 2632 955 2666 tubo
981 2631 1109 2666 eximie
1128 2629 1542 2677 glanduloso-papilloso;
1568 2632 1750 2667 achaeniis

46 2675 201 2711 sericeis.
226 2696 271 2701 —-
296 2676 423 2711 Variat
447 2677 540 2712 foliis
572 2678 750 2713 turionum
784 2679 978 2722 majoribus
1013 2678 1140 2712 eximie
1173 2677 1535 2723 sericeo-nitentibus,
1574 2680 1749 2723 caespites

43 2723 143 2758 laxos
168 2722 419 2767 formantibus,
451 2725 600 2759 racemis
631 2725 839 2769 plerumque
868 2725 1083 2770 paniculatis
1108 2724 1228 2768 (stirps
1254 2725 1421 2768 murcica)
1448 2730 1483 2760 et
1505 2724 1598 2760 foliis
1624 2726 1748 2760 abbre-

44 2769 147 2804 viatis
172 2771 516 2805 crasso-tomentosis
541 2771 655 2806 minus
681 2770 816 2815 nitidis,
852 2772 1028 2816 caespites
1060 2776 1261 2815 compactos
1287 2771 1360 2806 solo
1385 2771 1573 2816 adpressos
1598 2772 1749 2807 forman-

45 2816 150 2858 tibus,
174 2817 323 2852 racemis
350 2817 569 2862 simplicibus
596 2818 719 2862 (stirps
745 2818 939 2853 castellana
964 2823 1000 2852 et
1024 2817 1276 2862 aragonensis).

136 2862 177 2897 In
209 2863 381 2907 glareosis
414 2865 644 2909 arenosisque
677 2864 847 2899 calcareis
879 2865 1033 2908 regionis
1065 2870 1252 2899 montanae
1277 2864 1472 2909 Hispaniae
1497 2865 1746 2900 austro-orien-

90 2909 172 2944 talis
206 2916 241 2945 et
272 2911 454 2946 orientalis
487 2912 637 2956 passim:
671 2912 707 2946 in
738 2922 845 2954 regno
870 2911 983 2946 Mure..
1019 2911 1068 2954 (in
1098 2911 1244 2946 collibus
1270 2911 1440 2946 silvaticis
1465 2911 1556 2945 inter
1579 2912 1747 2947 Balazote

92 2960 126 2990 et
150 2956 377 3002 Ballesteros,
401 2958 517 3002 FK.!),
543 2959 700 3001 Aragon.
726 2963 760 2992 et
786 2958 879 2993 Cast.
905 2969 993 2993 nova
1018 2958 1142 2993 orient.
1167 2959 1208 3003 (c.
1235 2958 1394 3001 Utrillas,
1418 2958 1557 3002 Aliaga,
1582 2959 1747 3002 Mosque-

89 3003 200 3047 ruela,
226 3003 450 3049 Albarracin,
476 3005 595 3047 Asso,
620 3006 656 3038 in
677 3005 773 3049 jugis
799 3004 903 3039 editis
928 3016 955 3040 c.
982 3004 1187 3048 Pozondon,
1213 3005 1358 3047 Setiles,
1385 3004 1516 3048 Chera,
1542 3005 1677 3040 Molina
1703 3005 1745 3038 de

89 3048 233 3092 Aragon
259 3049 303 3084 ad
328 3051 389 3086 alt.
416 3053 662 3086 3500—4200‘
685 3052 809 3096 frequ.,
838 3051 954 3095 WK.).
980 3071 1020 3076 —
1053 3059 1079 3093 21
1105 3051 1213 3087 Julio.
1239 3052 1329 3094 Aug.
1355 3054 1396 3095 (v.
1421 3052 1477 3095 v.).
