1947 3221
981 76 1043 119 24

168 198 390 231 'I'rt'chera
416 198 665 240 lonqisolia
692 196 734 231 R.
762 202 797 231 et
823 197 855 231 S.
882 197 973 241 Syst.
1000 196 1066 239 III,
1099 209 1131 241 p.
1160 197 1203 229 56
1235 196 1412 231 indicatur
1443 198 1479 232 in
1504 199 1696 244 Pyrenaeis
1721 200 1860 243 gallicis

372 242 514 280 (GREN.
541 248 576 277 et
600 242 756 287 GODR.l,
780 243 900 277 forsan
925 253 1062 286 quoque
1084 243 1121 277 in
1146 243 1273 287 Pyren.
1299 243 1439 288 hispan.
1465 245 1684 290 reperienda.

168 291 206 323 Τ.
235 290 465 333 Timeroyi
491 289 661 333 (Knautia
686 290 864 334 Timeroyi
888 289 1008 324 JORD.
1035 289 1109 324 Cat.
1131 289 1223 333 jard.
1250 290 1319 325 bot.
1339 290 1445 335 Dijon
1460 294 1549 326 1848
1575 305 1607 338 p.
1629 294 1664 336 8)
1691 293 1727 327 in
1744 292 1863 327 Gallia

371 336 529 381 australi,
555 336 675 371 forsan
700 337 806 370 etiam
831 337 867 370 in
891 336 1077 380 Hispania.

167 384 374 416 Scabiosa
400 385 576 417 cretica
602 383 642 417 L.
691 383 733 417 In
760 383 884 427 Creta,
922 382 1056 426 Sicilia,
1092 382 1156 416 ins.
1182 381 1322 417 Balear.
1349 383 1498 429 (Nym),
1535 385 1626 420 forte
1663 396 1801 430 quoque
1826 385 1862 422 in

371 429 546 473 Hispania
570 429 840 464 mediterranea.

166 478 378 511 Scabiosa
405 482 590 510 cronaca
618 476 738 521 Cyrill.
764 476 817 510 Pl.
844 485 911 509 rar.
939 484 1042 518 neap.
1076 486 1110 518 p.
1138 476 1192 518 11,
1217 479 1241 509 t.
1268 477 1299 519 3,
1325 475 1361 509 in
1386 475 1546 523 Graecia,
1573 477 1704 523 Sicilia,
1730 479 1863 513 Mauri-

371 522 478 557 tania.
519 522 657 557 Forsan
682 524 716 556 in
742 522 918 565 Hispania
942 521 1204 555 mediterranea
1229 522 1446 566 proveniens.

170 572 209 604 S.
235 571 405 613 affini-s·
430 568 558 603 GREN.
585 575 620 604 et
644 568 772 604 GODR.
798 568 852 602 Fl.
879 568 921 602 fr.
948 567 999 611 II,
1034 580 1067 612 p.
1094 569 1149 602 78.
1183 568 1320 613 species
1346 569 1378 604 S.
1405 570 1642 605 columbariae
1668 576 1703 605 et
1727 571 1759 605 S.
1786 582 1863 615 gra-

373 616 528 650 muntiae
553 616 680 654 affinis.
705 617 739 649 in
764 615 940 649 montibus
958 613 1213 660 Delphinatus;
1240 615 1276 649 in
1294 615 1467 660 Hispania
1485 628 1622 660 quoque
1641 618 1862 661 inqtfirenda.

169 664 362 696 Succisa
388 665 549 706 alpina
575 663 709 707 (Vaill.)
741 662 830 696 SPR.
866 661 956 706 Syst.
984 660 1019 703 I,
1055 673 1088 705 p.
1116 662 1194 695 378.
1223 662 1348 697 RCHB.
1374 664 1396 697 l.
1424 675 1451 698 c.
1487 664 1509 697 f.
1539 666 1644 699 1392!
1696 665 1864 700 Scabiosa

373 709 494 789 alpina
516 708 557 743 L.
605 709 645 742 In
671 708 837 753 Europae
869 707 1038 743 australis
1069 707 1226 753 alpibus,
1264 709 1301 742 in
1325 710 1518 754 Pyrenaeis
1545 710 1692 746 Gallicis
1727 722 1864 756 quoque

373 766 409 788 1n
435 760 538 789 lcata.

536 849 703 888 Species
730 849 884 882 dubiae
909 858 946 881 v.
973 849 1144 881 nomine
1170 851 1337 882 tantum
1359 853 1495 883 notae.

170 931 385 964 Scabiosa
411 936 801 973 caesar-anqustan
814 943 833 962 ιι
859 929 1073 962 ECHEAND.
1092 928 1146 963 Fl.
1167 939 1370 972 caesaraug.
1389 942 1421 974 p.
1440 931 1500 965 25!
1526 930 1562 964 in
1578 930 1688 974 Arag.
1703 930 1867 975 (Rambla

374 974 430 1026 del
459 973 619 1025 Gallego)
654 975 763 1019 lecta,
797 975 1012 1011 ECHEAND.
1070 975 1156 1009 Cum
1189 976 1380 1021 descriptio
1418 977 1531 1021 deest,
1570 978 1693 1022 planta
1728 979 1866 1013 omnino

373 1026 561 1063 incognlta.

169 1071 206 1102 S.
230 1069 417 1148 hirs-upa
443 1067 625 1148 LAPssilYR.
651 1068 733 1113 Pyr.
759 1081 792 1113 p.
820 1069 880 1103 59!
932 1068 989 1103 Ex
1024 1069 1260 1114 descriptione
1291 1070 1335 1104 ad
1361 1069 1554 1105 Knautiam
1578 1071 1764 1115 hybridam
1790 1082 1866 1116 per-

390 1124 486 1148 mere
512 1125 543 1147 v1
571 1120 658 1148 etur.

170 1164 208 1196 S.
234 1162 473 1204 hispanica
499 1160 654 1195 WILLD.
671 1161 708 1194 in
725 1161 767 1195 R.
786 1166 821 1195 et
838 1162 870 1196 S.
889 1161 981 1206 Syst.
999 1161 1065 1206 III,
1089 1174 1123 1206 p.
1143 1163 1226 1197 521!
1261 1162 1437 1207 Hispania
1452 1164 1637 1201 (Pomm.)
1656 1174 1700 1198 ex
1715 1164 1861 1199 COULT.

374 1206 418 1241 ad
444 1207 475 1241 S.
503 1207 762 1241 Columbariam
786 1207 981 1242 referenda.

170 1258 207 1288 S.
242 1256 391 1288 Vahlii
417 1254 562 1288 COULT.
579 1254 634 1292 (R.
653 1260 688 1289 et
706 1254 738 1288 S.
764 1255 786 1289 l.
804 1266 832 1289 c.
849 1260 957 1289 mant.
982 1267 1015 1299 p.
1034 1256 1109 1295 391)
1142 1255 1183 1289 In
1200 1255 1373 1290 Barbaria
1396 1256 1450 1290 vel
1468 1256 1643 1301 Hispania
1660 1268 1681 1291 a
1698 1257 1861 1293 VAHLIO

378 1300 472 1335 lecta
496 1300 682 1343 indicatur,
709 1301 770 1336 sed
796 1301 896 1336 deest
919 1302 956 1336 in
980 1302 1080 1336 herb.
1105 1301 1299 1337 Vahlian0!

621 1458 731 1503 Fam.
771 1458 844 1502 63.
918 1456 1279 1502 COMPOSITAE
1317 1453 1406 1502 [ᾖ.

289 1568 467 1620 Herbae,
510 1569 640 1609 rarius
686 1569 851 1609 frutices
894 1583 929 1608 v.
960 1568 1216 1620 suffrutices,
1265 1569 1366 1609 foliis
1407 1570 1642 1624 plerumque
1685 1571 1864 1623 alternis,

177 1637 336 1677 semper
369 1628 640 1680 exstipulatis,
676 1628 942 1680 siniplicibuS‚
976 1627 1258 1680 polymorphis
1302 1627 1441 1667 Flores
1474 1629 1649 1679 (flosculi
1680 1630 1866 1681 Linnaei)

178 1683 507 1736 lierunaphroditi,
547 1686 807 1724 unisexuales
840 1701 876 1726 v.
909 1686 1041 1724 neutri
1071 1686 1109 1723 in
1149 1685 1211 1724 axi
1251 1687 1448 1725 communi
1482 1688 1778 1739 (receptaculo)
1810 1689 1867 1727 in-

176 1741 337 1780 volucro
369 1743 597 1796 polyphyllo
630 1744 861 1794 (anthodio)
894 1744 1025 1783 cincto
1058 1743 1301 1795 nidulantcs,
1335 1744 1543 1783 calathiutn
1578 1746 1737 1796 (florem
1763 1758 1869 1785 coln-

176 1800 345 1851 positum
377 1801 563 1850 Linnaei)
598 1801 829 1843 formantes,
892 1800 1015 1853 Calyx
1047 1813 1243 1854 superus,
1287 1803 1591 1855 gamosepalus,
1634 1816 1868 1856 perparvus,

177 1857 270 1896 tubo
294 1859 463 1910 germini
487 1859 748 1910 adhaerente,
773 1860 892 1899 limbo
916 1864 1079 1911 (pappo)
1103 1871 1208 1898 nunc
1231 1860 1392 1899 omnino
1416 1860 1523 1899 nullo
1549 1873 1650 1900 nunc
1675 1862 1869 1912 scarioso,

178 1920 242 1954 aut
274 1928 295 1952 e
319 1917 493 1968 squamis
528 1917 717 1957 sca1·iosis
742 1921 888 1970 (pappo
911 1917 1114 1970 paleae-eo)
1139 1922 1206 1957 aut
1229 1930 1249 1956 c
1274 1918 1360 1970 pilis
1385 1919 1536 1957 setisve
1563 1922 1708 1971 (pappo
1727 1920 1869 1971 piloso,

179 1977 332 2014 setos0›
369 1975 548 2014 formato.
597 1975 754 2014 Corolla
786 1976 935 2028 calycis
970 1974 1073 2014 sauci
1106 1976 1270 2023 inserta,
1304 1976 1567 2028 gannopetala,
1603 1977 1719 2015 inodo
1751 1989 1871 2030 regu-

178 2030 285 2080 laris,
321 2032 517 2082 tubulosa,
553 2032 931 2073 infundibulil'ornnis
955 2045 988 2071 v.
1014 2034 1298 2085 campanulata,
1334 2034 1451 2072 modo
1484 2034 1732 2087 irregularis,
1768 2035 1869 2088 ligu-

179 2088 268 2138 lata.
302 2091 429 2128 rarius
464 2091 725 2130 subbilabiata
794 2092 966 2131 Stamina
1001 2091 1038 2129 Ξ).
1076 2103 1167 2131 raro
1200 2091 1238 2136 4.
1273 2091 1447 2130 corollae
1481 2093 1574 2131 tubo
1608 2092 1756 2131 inserta
1781 2105 1870 2132 curn

179 2146 358 2197 ejusden}
401 2148 663 2188 divisionibus
704 2149 963 2198 alternantia,
1010 2149 1219 2188 filainentis
1261 2150 1495 2201 plerumque
1536 2150 1674 2189 liberis
1717 2155 1755 2189 et
1796 2151 1870 2189 sub

179 2204 289 2254 apice
331 2206 572 2255 articulatis,
611 2207 740 2246 rarius
787 2207 989 2256 connatis,
1035 2207 1212 2246 annu-ris
1258 2219 1418 2258 semper
1462 2208 1499 2246 in
1546 2208 1678 2246 tubum
1727 2209 1871 2260 stylum

179 2261 404 2312 cingentem
438 2265 633 2314 connatis,
669 2265 970 2314 bilocularibus,
1005 2265 1203 2305 introrsis.
1255 2264 1442 2304 Ovariuin
1476 2266 1648 2315 unicum,
1682 2266 1869 2315 inferum,

178 2319 438 2370 uniloculare,
473 2323 755 2362 uniovutatum.
818 2324 950 2375 Stylus
982 2324 1123 2362 unicus
1157 2323 1365 2372 filil'orinis,
1399 2324 1635 2375 saepissime
1670 2324 1780 2374 apice
1816 2324 1869 2362 bi·

180 2376 302 2425 lidus,
349 2379 466 2417 ramis
505 2381 799 2433 (stigmatibus)
843 2381 1052 2432 glandulas
1093 2381 1338 2434 stigtnativas
1375 2381 1588 2420 biseriales
1620 2382 1870 2432 gerentibus,

180 2434 344 2473 Fructus
369 2443 706 2477 nucamentaceus
741 2450 885 2491 parvus
920 2451 1225 2490 monosperrnus
1258 2438 1545 2490 (aeliaeniurn),
1580 2440 1691 2491 apice
1724 2441 1869 2478 nudum

179 2503 216 2530 V.
250 2504 376 2544 pappo
408 2495 650 2544 persistente
684 2501 930 2535 coronatum.
984 2498 1128 2536 Sennen
1163 2501 1359 2545 erectum,
1394 2497 1753 2547 exalbuniinosum,
1789 2510 1868 2536 em-

181 2550 373 2600 bryonein
406 2551 681 2604 ortliotropuni
717 2554 1020 2605 cotyledonibus
1044 2555 1376 2606 plano-convexis
1401 2555 1622 2606 praeditum
1647 2554 1869 2594 includens

181 2606 353 2646 Calathia
386 2608 666 2663 homogama
701 2612 907 2662 dicuutur,
953 2613 985 2651 si
1019 2624 1096 2651 non
1131 2613 1204 2651 nisi
1238 2612 1358 2651 flores
1391 2611 1758 2664 hermaphroditos,
1795 2612 1868 2650 he-

180 2669 452 2718 terogatna,
488 2667 522 2705 si
554 2668 674 2707 flores
708 2670 1051 2721 hermaphroditos
1086 2676 1125 2710 et
1156 2671 1350 2710 femineos
1383 2670 1442 2709 vel
1479 2669 1673 2708 femineos
1695 2675 1734 2709 et
1767 2682 1868 2709 mas-

178 2723 291 2762 culos
324 2724 541 2764 continent.

265 2858 282 2876 *¹
318 2858 448 2885 Auctore
468 2859 661 2885 WILLKOMM.
