1947 3296
868 84 958 127 199

61 205 249 242 terioribus
267 205 405 248 erectis,
430 205 534 248 longe
551 203 703 239 acutatis
722 203 888 238 scariosis
905 202 1258 247 purpurascentib1153
1284 201 1426 237 corollis
1444 202 1641 247 purpureis,
1666 200 1763 237 disco

62 253 106 287 1¹¹
131 252 247 295 diam,
272 252 452 287 achaeniis
476 251 583 286 fuscis
608 261 724 295 pappo
749 250 911 294 sextuplo
937 249 1166 283 brevioribus.
1193 269 1237 273 —
1263 248 1416 283 Habitus
1442 249 1546 284 Cirsii
1571 248 1718 284 bulbosi.

151 298 193 332 In
218 299 386 333 silvaticis
411 298 564 342 regionis
589 302 775 332 montanae
799 297 1061 341 Pyrenaeorum
1086 295 1289 339 Aragoniae
1314 300 1349 330 et
1374 295 1604 330 Catalauniae
1629 296 1763 340 passim

106 346 218 390 (Pefia
243 346 370 380 blanca
395 350 430 379 et
453 345 498 379 ad
531 344 639 379 radic.
666 343 904 388 Maladettae,
931 342 1071 382 ZETT.,
1098 342 1272 377 Montana
1303 341 1346 377 de
1372 342 1493 377 Arties
1525 342 1561 376 in
1592 342 1684 377 valle
1719 342 1762 377 de

103 393 213 434 Aran,
240 392 400 437 CSTA.!),
426 402 493 426 sec.
520 391 591 426 DC.
618 391 725 426 etiam
750 391 785 425 in
810 389 988 425 montibus
1014 389 1113 433 regni
1139 388 1381 432 Legionensis.
1407 408 1452 414 —
1481 395 1516 429 n.
1543 388 1762 434 sut—Sept.

107 440 149 483 (v.
176 439 229 480 s.).

150 486 241 521 Hab.
266 485 301 519 in
326 485 455 531 Pyren.
482 484 611 530 gallic,
638 494 748 527 regno
772 483 1010 528 Neapolitano
1036 482 1090 528 (22).

660 591 831 631 Species
857 589 1139 630 inquirendae
1150 597 1160 621 t

59 674 214 708 sir-siu
226 685 260 706 m
287 671 591 714 [tcriolepis]
625 672 774 704 Linleii
799 670 904 704 NYM.
931 669 1017 715 Syll.
1043 681 1075 714 p.
1101 671 1163 704 231
1208 667 1380 712 (earduus
1406 667 1580 711 strigosus
1605 665 1760 701 HFFGG.

265 717 337 752 LK.
362 728 431 751 non
456 717 505 752 M.
531 717 585 761 B.)
613 737 656 740 —
684 717 719 751 in
745 717 952 760 Lusitania,
986 716 1137 751 fortasse
1169 715 1204 750 in
1231 714 1391 749 Gallecia
1426 714 1480 748 vel
1504 723 1611 757 regno
1637 713 1764 757 Legio·

103 832 146 837 —
175 774 491 855 ζ’θτιιὲθιῗῗὲρὴρ)
519 822 778 855 qrmnosum
804 809 960 844 HFFGG.
987 809 1057 844 LK.
1085 808 1140 843 Fl.
1166 814 1256 853 port.
1283 807 1331 853 ΙΙ,
1355 820 1390 852 p.
1418 808 1501 842 196!
1528 826 1572 832 —
1597 806 1634 841 in
1658 805 1762 842 Lusi-

263 858 376 897 tania:
404 857 464 891 ubi
489 857 716 902 praecedens.

102 925 147 931 —-
175 905 494 948 (Onotroplte)
522 907 748 938 bulbos-um
775 902 845 937 DC.
873 902 927 936 Fl.
954 901 994 936 fr.
1022 901 1083 946 IV,
1109 913 1142 946 p.
1163 902 1240 935 118.
1275 900 1345 935 GR.
1372 899 1502 935 GODR.
1527 899 1549 934 l.
1568 911 1596 935 c.
1622 912 1654 945 p.
1674 901 1760 935 2181

263 951 389 985 RCHB.
415 950 462 984 10.
489 950 511 984 1.
537 961 565 984 c.
593 956 616 985 t.
645 951 723 995 108,
749 950 771 984 f.
798 949 849 984 II!
876 969 922 974 —-
947 948 1063 983 adhuc
1090 948 1125 982 in
1151 948 1269 982 Gallia
1294 947 1521 991 occidentali,
1546 946 1699 983 fortasse
1724 947 1760 982 in

105 1064 147 1070 —-
177 997 499 1088 (Orgiaglrt-prrltae)
528 1045 746 1076 olen-acen
758 1054 791 1076 m
817 1042 932 1076 Scor.
957 1040 1011 1075 Fl.
1039 1051 1134 1075 carn.
1160 1041 1208 1083 ΙΙ,
1240 1053 1275 1085 p.
1304 1041 1393 1083 124„
1428 1039 1500 1074 GR.
1527 1039 1656 1075 GODR.
1682 1040 1704 1075 l.
1731 1051 1759 1075 c.

262 1103 295 1136 p.
323 1091 407 1125 216!
458 1089 583 1123 RCHB.
609 1088 657 1124 Ic.
683 1088 705 1122 l.
733 1100 761 1123 0.
786 1094 811 1124 t.
840 1091 922 1124 103!
949 1108 994 1113 —
1019 1088 1056 1122 in
1081 1088 1173 1122 omni
1199 1087 1317 1122 Gallia
1342 1086 1458 1122 adhuc
1483 1086 1659 1131 frequens,
1685 1087 1760 1123 sine

268 1137 373 1172 dubio
398 1137 434 1170 in
459 1135 634 1181 Hispania
658 1135 804 1170 boreali.

100 1205 144 1210 —
173 1185 486 1227 [Onotrophe]
522 1185 768 1226 rufescens
793 1182 928 1216 RAMD.
960 1192 1015 1226 ap.
1041 1180 1112 1216 DC.
1139 1180 1194 1215 Fl.
1228 1180 1270 1215 fr.
1297 1180 1347 1215 Cf.
1380 1179 1473 1214 Bull.
1507 1190 1575 1215 soc.
1609 1179 1679 1215 bot.
1715 1179 1757 1214 de

264 1231 323 1284 ΕΓ.
350 1231 458 1284 1855,
491 1242 524 1275 p.
551 1231 638 1264 4581
665 1249 709 1253 —-
733 1229 770 1263 in
794 1229 988 1274 Pyrenaeis
1014 1228 1185 1264 occident.
1213 1227 1368 1271 gallicis,
1394 1226 1628 1273 probabiliter
1653 1226 1760 1262 etiam

100 1345 146 1349 —
173 1325 229 1367 (0
240 1278 492 1369 nholjltjfbnylaese)
518 1325 892 1367 haten-ophyllum
917 1322 1012 1357 AM..
1038 1320 1093 1355 Fl.
1119 1320 1256 1366 pedem.
1283 1320 1317 1364 I,
1352 1332 1386 1365 p.
1415 1321 1492 1354 152.
1530 1319 1602 1354 GR.
1629 1318 1758 1356 GODR.

262 1371 285 1406 1.
313 1383 341 1406 0.
366 1383 400 1416 p.
426 1371 509 1404 222!
559 1369 683 1404 RCHB.
710 1369 758 1405 Ic.
790 1370 866 1413 1.‚c.
902 1374 925 1404 t.
953 1370 1036 1403 107!
1072 1367 1244 1413 (Carduus
1275 1367 1530 1413 polymorphus
1554 1367 1684 1413 LAP.);
1710 1387 1755 1393 —

264 1419 324 1453 ubi
347 1416 574 1462 praecedens.

100 1484 144 1490 —
173 1466 490 1509 (Onotrophe)
517 1464 1134 1509 ylabro-Mons-pessulanum
1152 1460 1266 1504 GAY.,
1286 1460 1357 1495 GR.
1376 1460 1506 1496 GODR.
1524 1461 1546 1496 l.
1564 1472 1594 1496 c.
1619 1473 1653 1506 p.
1671 1463 1756 1508 221;

263 1532 307 1536 —
332 1511 368 1545 in
392 1510 585 1556 Pyrenaeis
610 1509 760 1554 gallicis,
785 1509 937 1544 fortasse
963 1509 1071 1544 etiam
1095 1508 1300 1553 hispanicis.

56 1559 265 1593 carduus
291 1570 379 1592 meo
392 1561 592 1592 nantinus
618 1556 774 1591 HFFGG.
799 1556 871 1591 LK.
897 1556 952 1590 Fl.
978 1560 1069 1600 port.
1095 1555 1142 1600 II,
1169 1567 1202 1600 p.
1223 1556 1309 1600 1863
1342 1574 1375 1578 —
1405 1555 1441 1588 in
1467 1554 1664 1599 Lusitania,
1689 1554 1757 1590 for·

263 1610 359 1640 tasse
384 1605 421 1639 in
445 1603 621 1648 Hispania
644 1602 1019 1638 boreali-occidentali.

99 1672 144 1677 —
169 1665 274 1685 amm
285 1654 467 1697 ophilus
492 1651 647 1685 HFFGG.
673 1650 745 1685 LK.
771 1650 792 1684 l.
819 1661 847 1685 0.
873 1663 906 1695 p.
932 1651 1016 1695 1873
1043 1669 1087 1674 —
1113 1649 1173 1683 ubi
1197 1649 1425 1694 praecedens.

101 1718 144 1723 ——-
171 1700 422 1733 arenarius
448 1698 567 1732 DESF.
593 1697 647 1732 Fl.
673 1697 734 1732 atl.
760 1697 814 1742 II,
840 1709 874 1742 p.
900 1698 963 1743 993
989 1717 1031 1721 -
1058 1697 1094 1730 in
1119 1696 1237 1731 arenis
1262 1695 1516 1739 Mauritaniae,
1542 1695 1696 1730 fortasse
1721 1695 1758 1729 in

102 1812 145 1817 ——
171 1745 446 1826 Ιιαηέῗῗέξῗῶ
471 1789 617 1829 EHRH..
643 1789 714 1824 GR.
739 1789 868 1824 GODR.
895 1789 916 1823 l.
944 1801 972 1824 0.
999 1801 1033 1834 p.
1059 1791 1144 1824 233!
1172 1788 1297 1823 RCHB.
1323 1788 1370 1823 Ic.
1397 1787 1419 1822 l.
1446 1799 1474 1822 c.
1500 1792 1525 1822 t.
1552 1789 1630 1827 144,
1655 1787 1677 1822 f.
1704 1787 1754 1823 111

262 1839 299 1871 in
324 1837 442 1872 Gallia
467 1836 615 1871 australi
641 1842 676 1871 et
699 1837 826 1882 Pyren.
854 1836 1097 1881 orientalibus,
1123 1835 1355 1880 probabiliter
1380 1834 1416 1868 in
1440 1829 1659 1869 Catalaunia.

103 1905 147 1910 —
182 1886 476 1919 Vivarieusis
501 1883 623 1918 JORD.
643 1883 724 1919 Obs.
750 1883 878 1929 fr.111,
904 1896 938 1928 p.
958 1885 1036 1927 212,
1063 1889 1086 1918 t,
1104 1885 1137 1927 8,
1163 1882 1185 1917 f.
1205 1882 1252 1917 A!
1281 1881 1351 1916 GR.
1369 1881 1499 1916 GODR.
1524 1881 1546 1915 l.
1565 1893 1594 1917 c.
1619 1894 1652 1926 p.
1672 1883 1754 1916 232!

262 1930 388 1965 RCHB.
421 1931 443 1965 1.
469 1941 496 1965 e.
529 1936 553 1965 t.
582 1932 665 1975 145,
697 1930 719 1964 f.
746 1930 819 1965 III!
846 1950 889 1955 -—
915 1931 950 1965 in
981 1930 1099 1964 Gallia
1134 1928 1302 1972 australi,
1336 1928 1486 1964 fortasse
1518 1928 1554 1962 in
1588 1928 1700 1963 Catal.
1725 1940 1756 1962 v.

263 1988 371 2020 regno
396 1977 598 2012 Valentino.

100 2044 143 2049 -—
171 2027 545 2068 naacrocephacus
571 2023 691 2057 DESF.
718 2022 772 2057 Fl.
799 2023 858 2058 atl.
885 2023 932 2068 ΙΙ,
958 2035 992 2068 p.
1018 2024 1105 2057 245!
1133 2042 1176 2047 —
1203 2023 1238 2056 in
1263 2032 1372 2066 regno
1397 2022 1585 2056 Tunetano
1609 2026 1645 2056 et
1663 2019 1756 2055 Nea—

263 2071 432 2116 politano,
457 2071 607 2105 fortasse
632 2070 668 2104 in
692 2081 800 2114 regno
826 2070 1016 2105 Valentino
1040 2083 1070 2105 v.
1100 2069 1270 2104 Murcico.

99 2137 143 2142 —-
169 2120 449 2161 alqeriensis
475 2117 680 2151 MUMBYin
693 2117 786 2151 Bull.
805 2128 873 2152 soc.
890 2118 958 2153 bot.
976 2117 1036 2152 Fr.
1056 2118 1156 2159 1855,
1175 2129 1207 2161 p.
1227 2117 1311 2150 2851
1324 2115 1415 2149 —in
1431 2114 1587 2157 Algeria,
1605 2113 1756 2150 fortasse

261 2164 296 2198 in
321 2175 429 2208 regno
456 2164 616 2200 Murcico
640 2177 670 2199 v.
696 2164 923 2200 Granatensi.

54 2310 159 2355 Trib.
190 2310 294 2354 VIII.
344 2310 602 2366 Sylibeae
640 2310 770 2356 LEss
796 2320 878 2366 syn.
903 2322 1024 2366 p.10.,
1049 2331 1118 2355 non
1143 2320 1273 2364 cAss.;
1300 2318 1372 2353 Dc,
1390 2317 1514 2353 Prodr.
1532 2317 1594 2361 VI,
1618 2329 1652 2362 p.
1670 2317 1754 2351 615!

171 2420 340 2459 Calathia
376 2420 585 2460 multiflora
619 2421 753 2461 homo-
788 2434 823 2460 v,
858 2421 1131 2473 heterogama.
1195 2419 1438 2459 Anthodium
1478 2417 1752 2467 multiseriale,

55 2478 230 2532 squamis
255 2478 470 2517 imbricatis
494 2479 829 2530 spinescentibus.
874 2479 1184 2531 Receptaculum
1209 2477 1524 2516 fimbrilliferum.
1569 2475 1753 2515 Corollae

53 2540 118 2575 aut
150 2548 291 2575 omnes
324 2535 513 2588 aequales
548 2536 917 2589 hermaphroditae,
951 2541 1017 2577 aut
1051 2536 1291 2589 marginales
1324 2534 1538 2586 ampliores
1571 2538 1751 2573 neutrae.

55 2594 228 2633 Stamina
255 2593 532 2646 monadelpba,
566 2593 731 2634 anthera
756 2594 963 2646 ecaudata,
998 2595 1177 2633 breviter
1200 2592 1512 2645 appendiculata.
1548 2586 1753 2631 Achaenia

54 2664 73 2690 a
107 2651 231 2690 latere
263 2652 351 2704 plus
388 2652 516 2691 minus
551 2664 797 2704 compressa,
832 2653 910 2692 bilo
943 2653 1126 2702 basilari,
1161 2652 1273 2690 disco
1306 2651 1479 2704 epigyno
1512 2650 1750 2702 marginato‚

54 2721 179 2761 pappo
212 2710 378 2760 caduco,
413 2722 434 2748 e
467 2709 556 2761 pilis
589 2710 834 2762 simplicibus
867 2710 1111 2762 plumosisve
1144 2708 1464 2761 pluriserialibus
1499 2708 1586 2748 basi
1619 2708 1658 2748 in
1683 2719 1750 2746 an-

54 2767 187 2807 nulum
220 2768 420 2807 concretis
453 2768 688 2820 composito.
728 2791 774 2795 —-
810 2768 967 2808 Herbae
1007 2779 1162 2806 annuae
1195 2780 1229 2806 v.
1270 2767 1462 2817 biennes,
1505 2766 1749 2818 cauligerae,

55 2823 158 2864 foliis
199 2825 395 2878 spinosis,
439 2837 556 2878 supra
598 2827 685 2879 plus
727 2825 855 2865 minus
894 2824 1253 2875 albo-maculatis,
1299 2824 1477 2864 calathiis
1510 2823 1748 2876 saepissime

55 2882 241 2922 solitariis
273 2883 562 2923 terminalibus.
626 2883 808 2923 Corollae
839 2895 1066 2936 purpureae
1099 2897 1134 2922 v.
1169 2882 1366 2923 lilaoinae.

168 2963 324 3003 00001.
370 2964 620 3004 TYRllVlNUS
644 2965 756 3005 CAss.
781 2964 879 3005 Dict.
903 2975 958 3005 sc.
983 2968 1059 3004 nat.
1085 2965 1152 3014 41,
1187 2977 1222 3016 p.
1247 2962 1341 3004 335.
1375 2963 1452 3005 DC.
1476 2962 1498 3003 l.
1522 2975 1556 3002 0.
1585 2975 1620 3015 p.
1644 2960 1748 3001 617!

53 3020 291 3061 Anthodium
317 3028 489 3074 ovatum,
523 3024 697 3075 squamis
721 3022 927 3075 adpressis
950 3022 1224 3075 integerrimis
1249 3022 1490 3062 brevissime
1514 3020 1748 3072 spinescen-
