1947 3296
977 150 1070 194 3⁵32

137 295 243 339 Trib.
279 293 326 337 Π.
396 288 771 347 Pilumbageae
835 291 993 335 SPACH
1019 299 1110 334 Hist.
1137 299 1209 341 vag.
1235 298 1277 342 X,
1303 310 1337 342 p.
1364 298 1442 331 334.
1483 296 1569 332 Bss.
1593 296 1616 331 1.
1643 308 1671 331 c.
1697 308 1730 341 p.
1755 297 1839 332 620!

259 381 356 434 Styli
387 379 434 420 ad
470 380 623 432 apicem
658 391 788 431 usque
821 379 860 417 in
894 389 1012 417 unum
1046 376 1217 416 connati.
1281 375 1452 427 Capsula
1486 375 1649 415 valvata.

257 471 470 513 CCCCXC.
530 469 800 511 PLUMBAGO
833 469 875 509 L.
909 469 1007 508 Gen.
1040 468 1090 521 pl.
1123 467 1208 506 Bss.
1241 467 1264 506 l.
1287 480 1322 508 c.
1356 479 1391 519 p.
1418 464 1524 508 690!
1578 467 1716 507 Flores
1748 467 1839 506 sub-

140 531 309 573 sessiles
340 531 378 570 in
412 530 542 583 spicas
574 542 609 569 v.
643 540 776 580 cymas
809 527 1016 580 dispositi,
1065 525 1212 577 singuli
1244 525 1508 577 tribracteati,
1554 525 1729 566 bracteis
1762 524 1839 576 pla-

142 591 215 630 nis.
290 588 413 640 Calyx
458 587 679 626 insertione
724 591 888 636 rectus,
942 584 1153 624 tubulosus
1197 588 1466 636 pentagonus,
1519 583 1640 624 limbo
1693 582 1839 623 5-den-

142 653 235 688 tato.
288 645 446 686 Corolia
490 645 536 685 ad
584 643 736 682 faucem
772 655 900 695 usque
933 641 1204 695 gamopetala,
1253 640 1698 694 hypocraterimorpha,
1746 641 1840 680 tubo

143 710 322 755 exserto,
357 704 475 742 limbo
510 702 712 753 5-partito.
775 701 947 741 Stamina
983 700 1211 752 hypogyna,
1250 698 1461 739 filamentis
1493 699 1578 739 basi
1611 698 1768 739 dilatata
1801 699 1839 737 in

144 764 295 803 «liscum
329 762 501 801 lobatum
534 759 607 799 sub
641 760 779 799 ovario
818 757 1147 808 conniven¹ibus,
1195 757 1372 798 antheris
1416 757 1633 797 linearibus
1667 757 1750 797 basi
1783 756 1841 795 bi-

145 821 243 862 fidis.
313 820 502 871 Stigmata
535 816 559 858 5
592 815 802 857 fililormia.
868 815 1034 868 Capsula
1068 815 1159 868 styli
1200 814 1286 854 basi
1317 815 1562 867 persistente
1595 818 1840 864 mucronata,

146 879 476 926 membranacea,
522 876 597 914 ima
629 875 716 914 basi
748 874 1028 927 irregulariter
1060 878 1100 912 et
1130 873 1412 913 circumscisse
1445 885 1660 925 rumpens,
1694 872 1841 912 deinde

145 950 164 976 a
199 935 281 977 basi
314 934 360 975 ad
396 934 566 973 medium
598 933 781 973 valvatim
814 932 1046 982 dehiscens,
1080 931 1203 972 valvis
1236 932 1348 984 apice
1380 931 1706 971 cohaerentibus.

238 1015 340 1049 2200.
388 1014 433 1046 P.
461 1022 674 1054 eur-opaea
698 1010 739 1046 L.
766 1011 849 1046 Cod.
874 1022 907 1046 n.
934 1013 1041 1047 1200!
1090 1009 1162 1045 GR.
1187 1009 1316 1045 GODR.
1344 1011 1366 1045 l.
1389 1021 1418 1045 e.
1444 1022 1476 1055 p.
1504 1012 1591 1046 753!
1641 1009 1766 1045 RCHB.
1793 1009 1841 1044 Ie.

144 1063 165 1098 l.
192 1074 220 1097 c.
256 1068 280 1097 t.
306 1061 372 1094 87!
423 1059 556 1094 SIBTH.
589 1058 655 1093 SM.
692 1058 746 1093 Fl.
779 1068 894 1102 graec.
928 1064 952 1094 t.
980 1059 1063 1093 1911
1113 1058 1320 1102 (Plumbago
1353 1057 1584 1102 quorumdam
1611 1056 1724 1092 CLUS.
1750 1055 1843 1091 Hist.

144 1110 190 1155 pl.
205 1108 252 1152 ΙΙ,
277 1119 311 1153 p.
331 1106 440 1149 1242).
479 1105 635 1141 Obscure
659 1105 788 1150 virens,
813 1105 914 1140 caule
939 1111 1056 1140 erecto
1080 1105 1224 1140 robusto
1241 1103 1629 1149 patulo-ramosissimo,
1656 1103 1806 1147 1—3¹l2‘
1821 1102 1843 1136 l.

145 1156 322 1199 ramisque
348 1153 514 1188 tenuibus
539 1152 712 1196 elongatis
738 1152 871 1188 strictis
897 1152 1226 1196 angulato-striatis,
1251 1151 1404 1196 glabris3
1434 1151 1529 1186 foliis
1554 1151 1739 1186 herbaceis
1764 1150 1844 1185 sub-

145 1210 201 1239 tus
227 1199 590 1244 caleareo—lepidotis,
623 1199 780 1241 margine
805 1199 1256 1242 glanduloso—denticulatis
1287 1198 1483 1241 undulatis,
1513 1197 1739 1233 inferioribus
1764 1197 1845 1232 obo-

145 1251 234 1285 vatis
269 1249 304 1282 in
334 1247 503 1292 petiolum
536 1246 746 1291 attenuatis,
776 1245 902 1281 mediis
927 1246 1110 1282 sessilibus
1134 1245 1684 1290 auriculato-amplexicaulibus,
1707 1244 1845 1278 lanceo-

145 1297 227 1332 latis
251 1295 383 1338 acutis,
418 1293 660 1338 superioribus
685 1293 1034 1328 lineari-lanceolatis
1058 1292 1215 1328 breviter
1237 1292 1460 1337 auriculatis;
1496 1290 1642 1326 floribus
1666 1292 1702 1326 in
1726 1301 1846 1336 cymas

147 1343 321 1389 capitatas
345 1340 550 1376 terminales
584 1339 784 1385 paniculam
815 1340 932 1375 laxam
965 1339 1156 1375 formantes
1187 1339 1386 1384 dispositis,
1425 1338 1556 1383 calycis
1593 1339 1676 1373 tubo
1707 1338 1846 1373 demum

147 1389 324 1434 obconico,
350 1387 395 1422 ad
420 1387 567 1431 angulos
593 1386 946 1432 glanduloso-setoso,
972 1387 1103 1422 corolla
1127 1386 1236 1421 dilute
1261 1396 1365 1421 rosea
1389 1398 1419 1421 v.
1446 1385 1599 1420 lilacina.

240 1448 283 1482 In
314 1445 491 1481 ruderatis
522 1445 678 1488 regionis
704 1445 805 1480 infer.
839 1450 875 1480 et
897 1450 1003 1480 mont.
1030 1443 1224 1489 Hispaniae
1255 1443 1395 1488 orient,
1430 1443 1576 1478 central.
1607 1447 1642 1477 et
1679 1440 1848 1477 australis

195 1495 283 1531 satis
299 1493 425 1537 frequ,
449 1492 486 1526 in
508 1492 625 1526 Sierra
641 1491 788 1527 Nevada
812 1491 857 1526 ad
881 1492 942 1527 alt.
969 1493 1073 1526 5000‘
1098 1501 1208 1535 usque
1226 1490 1391 1526 adscend.
1410 1490 1520 1535 (BSS.,
1538 1489 1640 1533 WK.,
1657 1488 1849 1530 BOURG.!)

194 1562 239 1567 -
269 1550 290 1580 υ,
316 1539 541 1583 Ju1.—Aug.
581 1540 624 1583 (v.
649 1539 693 1583 v.)
745 1538 912 1574 »Belesa«
947 1538 1105 1583 Castell.,
1148 1537 1286 1572 »Yerba
1316 1537 1443 1573 Blesa«
1477 1537 1604 1582 Arag„
1646 1535 1844 1580 »Malbech,

193 1587 420 1623 Dentalaria«
448 1586 572 1631 Catal.,
601 1586 818 1622 »Altabaca«
846 1584 992 1621 Granat.

241 1644 332 1680 Hab.
359 1644 394 1678 in
420 1644 513 1677 omni
537 1654 626 1678 zona
652 1642 923 1678 mediterranea.

752 1750 919 1790 Species
944 1748 1237 1788 inquirendae:

152 1843 367 1878 Armeria
396 1841 806 1882 [Macrocentronj
835 1841 1045 1874 velutiua
1071 1838 1226 1873 WELW.
1251 1849 1306 1883 ap.
1332 1837 1418 1872 BSS.
1446 1837 1572 1872 REUT.
1598 1836 1684 1879 Pug.
1710 1848 1744 1882 p.
1765 1837 1846 1871 100!

357 1907 401 1912 —
426 1886 467 1920 In
492 1886 685 1932 Algarbiis,
710 1886 945 1932 probabiliter
971 1886 1006 1920 in
1029 1886 1184 1921 Baetica.

244 1955 285 1960 ——
362 1935 776 1977 (Macrcicentronr)
813 1935 1003 1968 cinerea
1038 1933 1124 1967 BSS.
1153 1931 1305 1967 WELW.
1338 1929 1655 1976 ap.Bss.R1‹:1JT.
1695 1929 1718 1964 l.
1752 1939 1781 1964 c.
1819 1941 1852 1974 p.

359 1982 445 2015 101!
473 1999 516 2004 —
542 1979 584 2014 In
608 1979 735 2025 Lusit„
760 1980 913 2015 fortasse
939 1981 973 2014 in
998 1979 1170 2014 Gallecia.

245 2059 288 2063 —-
364 2040 784 2117 (lissncrjoceueron)
818 2045 1016 2072 arcuata
1050 2037 1203 2071 WELW.
1228 2036 1251 2070 1.
1277 2047 1306 2070 c.
1338 2056 1373 2060 -
1402 2035 1442 2069 In
1467 2034 1671 2079 Lusitania,
1703 2033 1854 2068 sortasse

362 2095 397 2118 in
455 2090 579 2118 aetina.

248 2151 289 2156 —
366 2132 785 2174 [Macrocenlron]
819 2132 1065 2175 spinulus-a
1091 2129 1175 2164 BSS.
1201 2139 1257 2172 ap.
1283 2127 1354 2162 DC.
1379 2127 1504 2163 Prodr.
1530 2127 1612 2172 XII,
1637 2139 1671 2172 p.
1698 2128 1784 2162 675!
1810 2146 1854 2152 —

360 2177 402 2211 In
426 2177 613 2222 Barbaria,
639 2176 791 2212 fortasse
816 2177 852 2210 in
877 2187 984 2220 regno
1010 2175 1124 2210 Mure.
1148 2188 1178 2210 v.
1205 2175 1430 2209 Granatensi.

250 2255 286 2260 -
366 2235 778 2277 (Moeranum-on)
816 2234 1115 2268 Welwitschii
1144 2232 1229 2266 Bss.
1256 2231 1276 2266 l.
1303 2242 1332 2266 c.
1357 2243 1390 2276 p.
1410 2232 1494 2266 676!
1521 2251 1567 2256 —
1593 2230 1633 2265 In
1657 2229 1854 2273 Lusitania,

358 2280 510 2314 sortasse
534 2280 570 2313 in
597 2278 768 2314 Gallecia.

244 2347 288 2352 —
363 2326 773 2369 [Mam-ocentron)
804 2327 1121 2360 Mauritania-a
1147 2324 1440 2366 WA1.LR.,BSS.
1467 2323 1488 2358 l.
1514 2325 1559 2358 c.!
1590 2343 1626 2347 —
1656 2323 1696 2357 In
1721 2322 1855 2357 Barba-

359 2373 424 2417 ria,
448 2372 599 2407 fortasse
625 2374 659 2407 in
685 2383 793 2416 regno
819 2372 932 2407 Mure.
958 2384 986 2406 v.
1013 2371 1159 2406 Granat.

246 2439 289 2445 —-
365 2421 718 2464 (PIayioba-sis)
757 2420 1135 2454 aust-immensis
1167 2417 1301 2461 GIRD.,
1339 2417 1424 2451 BSS.
1461 2416 1483 2451 l.
1509 2428 1538 2452 c.
1572 2429 1605 2464 p.
1632 2417 1716 2451 680!
1743 2435 1788 2440 —
1815 2415 1856 2450 In

361 2465 453 2501 Gall.
480 2465 641 2509 australi,
668 2466 818 2502 fortasse
843 2466 878 2499 in
905 2465 1017 2500 Catal.
1042 2476 1072 2499 v.
1097 2475 1204 2508 regno
1229 2464 1434 2499 Valentino.

246 2543 288 2549 ——
365 2524 720 2567 (l’laqiobasis)
750 2525 1029 2567 pubium-vis
1054 2523 1138 2558 BSS.
1166 2524 1188 2558 l.
1214 2534 1242 2558 e.
1268 2535 1302 2568 p.
1321 2523 1408 2557 688!
1493 2521 1535 2556 In
1558 2520 1650 2557 Gall.
1676 2527 1712 2557 et
1727 2521 1856 2566 Pyren.

363 2569 546 2615 occident,
573 2570 808 2615 probabiliter
829 2570 866 2604 in
892 2569 1091 2605 Cantabria.

248 2636 291 2641 —-
363 2617 532 2661 (incertae
558 2616 668 2654 sedis)
705 2619 946 2651 littoralis
976 2616 1130 2650 HFFGG.
1156 2616 1226 2651 LK.
1259 2615 1314 2650 Fi.
1340 2620 1430 2660 port.
1465 2621 1488 2650 t.
1514 2616 1599 2660 441,
1637 2614 1723 2649 BSS.
1762 2614 1784 2649 l.
1827 2625 1856 2650 c.

362 2675 396 2708 p.
422 2664 504 2698 688!
539 2684 570 2687 -—
602 2663 643 2698 In
668 2663 861 2709 Algarbiis,
887 2664 1122 2709 probabiliter
1147 2663 1183 2697 in
1207 2663 1364 2698 Baetica.

159 2728 343 2760 Statice
383 2727 687 2769 (Limonium,
725 2729 1103 2771 hyalolepideae)
1145 2728 1316 2770 Dnbyei
1351 2725 1422 2760 GR.
1448 2724 1578 2760 GODR.
1613 2725 1668 2759 Fl.
1703 2724 1746 2759 fr.
1780 2724 1802 2759 l.
1828 2735 1857 2759 c.

366 2784 400 2817 p.
428 2774 512 2807 750!
538 2793 582 2798 -
607 2784 636 2808 c.
662 2774 842 2819 Bayonam
867 2779 944 2819 etc„
971 2774 1045 2809 sine
1071 2773 1177 2808 dubio
1202 2774 1238 2808 in
1261 2771 1465 2808 Cantabria.

254 2837 291 2842 —-
369 2820 560 2860 (Limon.
587 2822 932 2862 steirocladae)
969 2823 1219 2865 pubescens
1245 2819 1334 2864 DC.‚
1367 2818 1452 2854 BSS.
1478 2817 1501 2852 l.
1525 2829 1554 2853 c.
1578 2830 1612 2863 p.
1635 2818 1720 2853 655!
1747 2837 1792 2842 —
1816 2817 1857 2851 In

367 2863 458 2899 Gall.
485 2866 645 2911 australi,
669 2866 823 2902 fortasse
848 2867 884 2902 in
910 2866 1011 2902 Catal
1050 2879 1079 2902 v.
1105 2877 1213 2911 regno
1238 2866 1439 2901 Valentino.

256 2943 293 2947 —
371 2922 570 2964 (Limon.
597 2927 931 2969 sleirocladae)
969 2928 1154 2961 minuta
1177 2925 1240 2971 L.,
1271 2925 1356 2960 Bss.
1383 2924 1406 2959 l.
1433 2934 1479 2969 c.,
1517 2922 1588 2958 GR.
1615 2922 1744 2958 GODR.
1778 2923 1802 2957 l.
1827 2933 1858 2957 c.

368 2980 401 3014 p.
428 2970 514 3003 745!
541 2989 585 2995 -—
613 2969 680 3005 Ubi
705 2971 933 3015 praecedens.

255 3034 299 3040 —
373 3016 569 3055 (Limon.
607 3019 959 3062 dis-sitiflorae)
987 3019 1290 3061 minutil'lora
1322 3016 1457 3056 GUSS.,
1490 3017 1576 3051 BSS.
1602 3017 1626 3051 l.
1650 3027 1680 3051 c.
1711 3029 1745 3062 p.
1772 3017 1857 3050 652!

367 3061 409 3096 In
433 3061 556 3097 Africa
579 3063 716 3097 boreali
741 3070 776 3099 et
800 3065 1019 3109 Balearibus,
1044 3065 1196 3100 fortasse
1223 3064 1258 3098 in
1283 3074 1390 3108 regno
1414 3063 1556 3099 Valent.
1583 3075 1612 3098 v.
1637 3063 1807 3098 Mureico.
