1947 3296
898 103 996 148 485

99 226 214 261 forma
256 225 299 260 E.
345 224 502 269 vulgaris
538 224 724 270 australis,
770 235 876 269 quum
915 223 1047 259 formae
1085 224 1317 258 intermediae
1366 234 1550 259 occurrere
1600 224 1796 260 videantur.

99 272 227 308 Variat
257 272 392 317 pariter
422 276 528 316 atque
567 271 610 307 E.
636 272 778 315 vulgare
804 271 919 316 quoad
943 271 1185 306 indumentum
1210 270 1335 305 florum
1360 271 1639 314 magnitudinem
1665 277 1700 307 et
1725 273 1794 316 spi-

98 330 219 355 carum
251 319 519 364 dispositionem
555 324 590 354 et
631 324 778 364 propter
811 318 929 363 spicas
961 317 1101 353 demum
1137 318 1260 361 longas
1295 323 1329 353 et
1363 317 1506 353 dissitas
1539 320 1727 354 transitum
1753 318 1798 354 ad

99 367 293 402 Echiorum
318 376 460 410 gregem
486 371 691 410 sequentem
715 365 810 400 facit.

215 425 257 459 In
281 424 374 459 arvis
408 424 551 459 incultis
576 423 766 467 cultisque,
802 421 1000 467 ruderatis,
1035 422 1122 457 locis
1147 422 1353 467 pinguibus,
1394 421 1440 456 ad
1465 421 1537 456 vias
1563 423 1715 466 regionis
1743 423 1793 458 in-

144 471 262 507 ferior.
289 477 324 506 et
349 471 523 506 submont.
556 471 751 515 Hispaniae
777 470 944 515 central.,
976 469 1100 504 orient.
1136 474 1170 504 et
1204 469 1393 514 praecipue
1419 468 1604 511 australis,
1632 470 1690 504 ubi
1715 470 1798 505 hinc

145 517 226 553 inde
251 517 424 553 abundat:
459 518 495 552 in
529 519 672 552 montib.
705 517 914 561 Legionens.
947 516 1006 561 (ad
1039 516 1259 551 Villafranca
1290 515 1347 550 del
1381 516 1520 559 Vierzo,
1546 515 1678 561 Ltffll),
1714 517 1797 552 Car-

145 571 263 609 petan.
292 566 416 610 (prope
449 564 703 600 monasterium
736 565 768 599 el
794 564 945 607 Paular,
979 563 1102 607 WK,),
1133 563 1225 598 Cast.
1251 574 1339 597 nova
1365 562 1463 607 (agro
1489 562 1633 608 Madrit,
1659 563 1796 607 COLM.,

145 612 287 657 LGE.!),
312 613 467 656 Aragon.
505 612 650 647 austral.
692 612 756 656 (pr.
790 612 1009 655 Penarroya,
1044 610 1204 655 LOSO.!),
1240 610 1423 645 Catalaun.
1460 609 1509 654 (in
1545 620 1633 645 zona
1662 610 1796 646 litorali

144 658 285 703 abund,
310 671 340 693 v.
367 670 395 694 c.
422 659 517 693 61166
541 659 786 698 Β61610011610,
823 669 865 693 en
891 657 923 692 61
949 657 1079 702 Valles.
1118 657 1278 701 CSTA.!),
1316 667 1424 700 regno
1450 656 1590 691 Valent.
1625 658 1671 699 (in
1696 658 1795 692 valli-

144 707 210 742 bus
235 706 356 741 Sierra
386 705 428 740 de
455 705 575 748 Chiva,
602 705 722 750 WK.),
762 705 872 740 Mure.
913 704 1061 748 (Fuente
1093 704 1135 738 de
1170 704 1297 739 Alamo
1331 715 1383 749 pr.
1414 703 1564 748 Murcia,
1599 704 1796 749 BOURG.!),

148 753 295 789 Granat.
334 754 375 797 (c.
401 748 476 788 u‘rb.
504 752 670 787 Granada
693 752 818 796 frequ.,
851 751 895 786 ad
930 762 1010 796 pag.
1036 751 1212 796 Albolote,
1238 750 1354 786 LGE.!
1392 750 1437 785 ad
1467 750 1628 785 Benalua
1665 751 1707 785 de
1743 751 1796 787 las

147 801 247 835 villas
273 800 374 843 FK.!,
401 810 430 834 c.
456 799 613 844 Malaga,
638 799 758 844 Velez,
783 798 955 843 Igualeja,
973 798 1048 832 Bss
1064 804 1085 843 ),
1113 803 1227 833 monte
1245 797 1394 833 Gibralt.
1415 797 1529 843 (WK.,
1546 797 1669 842 KEL.).
1695 798 1796 834 Baet.

147 847 326 892 (BOUT.!).
354 866 395 870 -
424 847 471 888 8¹.
497 846 730 891 Apr.—Sept.
756 847 798 891 (v.
821 852 882 885 v.).

214 904 306 940 Hab.
333 905 367 939 in
393 904 518 949 Lusit,
545 904 636 939 Gall.
663 909 784 949 austr.,
811 903 923 947 Sard.,
950 902 1057 945 Cors..
1083 902 1190 946 Sicil,
1217 902 1308 947 Ital.,
1334 902 1463 947 Dalm,
1488 901 1650 938 Graecia.

215 976 317 1009 2460.
365 977 411 1009 E.
438 976 625 1009 albicans
663 973 762 1008 LAG.
788 973 917 1008 RODR.
950 972 1055 1007 Anal.
1090 973 1197 1007 cienc.
1230 976 1302 1007 nat.
1333 971 1376 1006 V.
1407 983 1440 1016 p.
1475 972 1559 1007 2691
1586 971 1671 1005 BSS.
1702 971 1787 1016 Voy.

96 1022 165 1057 bot.
193 1022 278 1066 Esp.
305 1033 338 1066 p.
364 1023 444 1065 425,
477 1027 501 1056 t.
530 1023 616 1056 125!
655 1020 764 1054 WBB.
791 1021 833 1055 It.
868 1032 900 1064 p.
929 1021 971 1054 28
1005 1025 1040 1054 61
1065 1019 1119 1054 Ot..
1155 1019 1246 1063 hisp.
1272 1030 1306 1062 p.
1334 1020 1388 1061 18,
1414 1024 1438 1053 t.
1468 1020 1531 1053 121
1571 1017 1703 1052 Canum
1729 1024 1790 1054 aut

95 1069 243 1111 niveum,
270 1068 370 1103 caule
395 1068 500 1107 foliis,
526 1067 734 1113 pedunculis
757 1072 911 1102 tomento
947 1078 965 1101 e
990 1067 1070 1111 pilis
1104 1066 1193 1100 albis
1219 1065 1400 1110 adpressis
1425 1070 1609 1100 constante
1635 1065 1790 1109 setisque

94 1115 217 1159 rigidis
244 1114 357 1159 longis
391 1115 481 1150 albis
514 1115 646 1159 patulis
677 1114 859 1149 tuberculo
893 1113 1070 1158 pellucido
1103 1113 1338 1147 insidentibus
1364 1112 1515 1154 vestitis,
1545 1112 1647 1147 caule
1671 1118 1790 1147 erecto

99 1161 271 1205 ¹J'2—l¹l2‘
295 1162 318 1196 1.
345 1161 498 1206 simplici
527 1166 587 1196 aut
610 1162 749 1197 furcato
774 1161 1003 1196 teretiusculo
1027 1161 1162 1195 inferne
1187 1159 1330 1205 folioso,
1357 1159 1452 1194 foliis
1477 1159 1691 1194 basilaribus
1717 1170 1790 1194 cre·

93 1209 256 1244 berrimis
289 1210 443 1243 rosulum
476 1219 635 1244 crassum
665 1208 809 1243 densam
841 1207 1091 1250 formantibus,
1117 1206 1468 1242 lineari—lanceolatis
1494 1206 1730 1241 linearibusve
1756 1206 1791 1240 in

94 1256 264 1302 petiolum
289 1256 377 1292 satis
403 1257 543 1300 longum
568 1256 778 1299 attenuatis,
804 1255 952 1291 caulinis
979 1255 1161 1290 sessilibus
1188 1254 1318 1289 sensim
1345 1253 1648 1299 decrescentibus3
1684 1253 1792 1298 spicis

95 1304 239 1347 (rectius
265 1302 433 1344 racemis)
464 1303 660 1338 numerosis
686 1302 932 1347 pedunculatis
959 1300 1200 1344 subdistichis,
1225 1301 1388 1346 thyrsum
1413 1301 1601 1343 oblongum
1626 1312 1656 1334 v.
1682 1300 1792 1346 cylin-

93 1350 227 1385 dricum
252 1351 371 1385 laxum
395 1349 638 1393 formantibus,
661 1349 800 1384 demum
824 1349 925 1384 valde
957 1349 1131 1392 elongatis
1158 1354 1193 1383 et
1218 1347 1401 1392 laxifloris,
1435 1347 1596 1382 omnibus
1616 1347 1692 1391 ι16111
1726 1348 1790 1382 sub

92 1398 234 1433 anthesi
259 1397 346 1432 folia
370 1396 510 1431 floralia
541 1397 645 1440 longe
671 1397 939 1441 superantibus,
976 1396 1122 1431 floribus
1160 1395 1347 1440 conspicue
1378 1394 1620 1439 pedicellatiS,
1658 1394 1790 1439 calycis

94 1445 150 1479 6⁰¹
176 1445 197 1478 l.
216 1444 354 1479 laciniis
381 1450 529 1487 anguste
547 1444 955 1479 lanceolam-linearibus
973 1443 1076 1486 longe
1094 1443 1244 1477 acutatis
1263 1442 1568 1487 subfiliformibus,
1594 1441 1790 1486 subaequa-

93 1492 197 1536 libus,
222 1503 299 1526 cum
325 1492 479 1526 bracteis
512 1491 620 1525 multo
652 1491 872 1526 brevioribus
897 1490 1066 1535 adpresse
1090 1490 1214 1534 pilosis
1248 1489 1521 1533 longissimeque
1552 1488 1788 1530 albo-setosis,

93 1544 249 1573 ceterum
281 1538 493 1582 virentibus:
547 1538 679 1573 corolla
716 1538 796 1571 1οΜ
827 1538 848 1572 l.
895 1543 996 1572 extus
1034 1537 1208 1582 puberula
1245 1536 1464 1581 sparsimque
1502 1535 1633 1581 pilosa,
1673 1536 1788 1580 primo

92 1596 237 1620 amoene
261 1586 408 1620 rubente
433 1584 560 1619 deinde
585 1586 751 1624 violacea.
776 1584 966 1619 filamentis
992 1584 1158 1619 violaceis
1182 1594 1307 1628 parum
1332 1584 1498 1626 exsertis,
1524 1582 1662 1617 nuculis
1687 1582 1789 1617 dimi-

91 1632 316 1668 diato-ovatis
351 1632 588 1676 subtrigonis,
626 1633 761 1667 obtusis
794 1631 1021 1669 bicarinatis.
1059 1631 1162 1665 dorso
1198 1630 1430 1666 tuberculatis
1462 1630 1696 1665 minutissime
1727 1629 1788 1664 ad-

90 1690 281 1724 presseque
294 1679 626 1715 cano—tomentellis.
651 1700 695 1704 —
713 1679 842 1714 Planta
865 1679 1115 1723 pulcherrima,
1139 1678 1292 1712 omnium
1310 1677 1504 1712 Echiorum
1527 1676 1788 1721 hispanicorum

92 1726 410 1770 elegantissimum,
443 1731 599 1761 tomento
631 1727 712 1772 plus
744 1726 859 1760 minus
892 1725 1014 1770 denso,
1047 1725 1141 1759 foliis
1176 1725 1362 1759 latioribus
1395 1729 1431 1760 et
1462 1724 1726 1768 angustioribus
1752 1729 1787 1759 et

91 1773 234 1807 corollis
265 1772 366 1807 fauce
400 1773 478 1817 plus
507 1773 622 1808 minus
660 1772 838 1817 ampliatis
862 1772 995 1811 variat.
1028 1772 1170 1806 minime
1203 1782 1284 1806 vero
1315 1778 1418 1816 typos
1453 1770 1539 1806 duos
1578 1771 1785 1805 nucularum

93 1825 219 1854 natura
241 1819 330 1854 bene
355 1819 537 1855 distinctos
562 1820 755 1863 constituit,
788 1819 824 1853 id
849 1818 942 1862 quod
977 1819 1020 1854 cl.
1047 1818 1177 1852 WEBB
1203 1818 1367 1863 opinatus
1393 1824 1457 1853 est.
1506 1818 1667 1853 Nuculae
1692 1818 1785 1852 enim

92 1866 136 1901 ab
161 1877 203 1901 eo
225 1877 293 1901 non
317 1865 412 1900 visae
438 1866 474 1900 in
498 1871 647 1911 utroque
672 1872 756 1912 typo
773 1867 817 1901 ab
843 1876 883 1900 60
908 1866 1074 1901 distincto
1097 1865 1295 1910 (Lagyascae
1319 1871 1354 1900 et
1372 1864 1562 1909 Boissieri)
1587 1865 1786 1900 tubercula-

91 1918 149 1947 tae
175 1918 210 1948 et
233 1918 451 1948 tomentosae
469 1918 560 1957 sunt,
587 1913 649 1949 sed
662 1914 821 1958 juniores
839 1914 949 1956 magis
966 1918 1184 1948 tomentosae
1209 1912 1357 1956 ideoque
1382 1912 1495 1955 magis
1518 1913 1667 1947 incanae
1682 1923 1787 1956 quam

91 1959 294 1995 adultiores.
343 1960 378 1995 Si
402 1971 483 1994 vero
508 1961 698 1996 varietates
730 1960 816 1994 duas
842 1959 1058 2003 distinguere
1082 1970 1214 2003 casque
1239 1959 1428 1994 memoriae
1460 1959 1503 1993 cl.
1536 1958 1720 2002 Lagascae
1752 1964 1788 1994 et

89 2006 261 2042 Boissieri
286 2006 450 2042 dedicare
468 2007 530 2051 vis,
557 2012 631 2042 tum
656 2007 757 2052 stirpi
776 2006 976 2042 Nevadensi
1001 2017 1127 2041 nomen
1144 2006 1327 2049 Lagascae
1352 2006 1599 2040 atribuendum
1626 2017 1704 2041 esse
1729 2017 1787 2041 ne-

90 2064 190 2089 cesse
222 2060 276 2090 631
315 2053 407 2098 quod
439 2053 637 2089 LAGASGA
662 2060 697 2090 et
727 2054 974 2089 RODRIGUEZ
1009 2053 1068 2098 qui
1098 2054 1203 2098 primi
1228 2054 1320 2088 hanc
1345 2053 1500 2098 speciem
1525 2053 1547 2087 l.
1575 2064 1602 2088 c.
1630 2052 1785 2099 descrip-

91 2106 223 2145 serunt,
242 2101 402 2146 plantam
428 2100 672 2137 Nevadensem
697 2112 718 2135 a
745 2101 1008 2136 THALAGKER
1031 2100 1206 2135 detectam
1232 2106 1313 2135 ante
1339 2100 1457 2135 oculos
1482 2100 1691 2135 habuerunt.

205 2158 247 2192 In
271 2159 441 2202 glareosis
465 2159 695 2204 arenosisque
727 2159 897 2194 661661613
929 2158 1062 2203 aspicis
1092 2159 1247 2202 regionis
1282 2164 1387 2193 mont.
1420 2157 1519 2201 regni
1555 2157 1702 2192 Granat.
1738 2157 1783 2192 ad

135 2205 196 2240 alt.
223 2207 467 2240 2000-5000¹
500 2207 632 2251 passim
665 2206 803 2246 (Sierra
827 2206 990 2250 Nevada,
1032 2206 1067 2239 in
1093 2211 1195 2251 parte
1222 2205 1385 2241 calcarea
1421 2205 1545 2240 lateris
1572 2205 1782 2240 sententrio-

135 2252 226 2287 nalis
264 2252 309 2287 ad
342 2252 448 2287 radic.
479 2253 670 2288 cacuminis
702 2254 860 2298 Dornajo
885 2264 1013 2297 usque,
1046 2252 1281 2297 THALACK.,
1313 2253 1442 2288 BSS.!.
1480 2251 1578 2293 WK.,
1606 2251 1695 2286 FK.!
1730 2263 1782 2296 pr.

134 2298 290 2341 Alfacar,
324 2299 408 2341 HS..
445 2301 480 2334 in
514 2300 680 2335 Serrania
715 2300 756 2335 de
783 2300 910 2335 Ronda
940 2301 1001 2334 int.
1029 2299 1161 2335 Monda
1186 2306 1221 2334 et
1247 2299 1347 2343 Ojen.
1384 2299 1421 2333 in
1447 2298 1567 2333 Sierra
1591 2298 1633 2333 (16
1659 2297 1781 2343 Mijas,

134 2344 230 2389 BsS.,
255 2345 374 2379 816116
397 2345 439 2380 de
465 2346 656 2390 Yunquera
680 2347 716 2381 in
739 2352 839 2392 parte
865 2347 1032 2382 inferiore
1058 2347 1090 2381 8.
1117 2346 1160 2380 (16
1185 2347 1221 2381 16
1238 2346 1358 2391 Ν16ν6,
1375 2346 1473 2387 Β33.,
1493 2345 1593 2387 WK.,
1611 2357 1638 2380 6.
1657 2344 1784 2380 Ronda

134 2396 170 2426 et
193 2391 414 2435 Grazalema,
440 2393 537 2438 BSS.,
561 2394 728 2438 BOURG.,
754 2394 976 2438 Carratraca,
1002 2393 1085 2429 Hs!
1120 2393 1248 2433 WBB.)
1273 2412 1319 2417 —-
1346 2402 1369 2433 11
1395 2393 1482 2437 Apr.
1498 2392 1605 2426 .-.JuL
1632 2393 1674 2436 (v.
1699 2391 1757 2436 v.).

202 2473 219 2507 ‘?
235 2473 337 2508 2461.
370 2475 415 2508 E.
430 2476 725 2510 Lusitanieum
749 2476 874 2511 BROT.
899 2474 953 2509 Fl.
973 2473 1086 2509 Lusit.
1106 2474 1133 2517 Ι,
1153 2475 1237 2509 2921
1264 2473 1372 2508 611610
1389 2472 1430 2507 L.
1449 2472 1506 2517 Sp.
1523 2472 1570 2517 pl.
1596 2473 1690 2507 200?
1717 2472 1777 2512 (E.

86 2518 339 2555 Salmanticum
363 2519 463 2554 LAG.
488 2521 574 2556 Nov.
600 2532 676 2565 gen.
702 2533 752 2566 sp.
779 2533 812 2557 n.
840 2523 906 2556 135
917 2521 956 2566 ?).
991 2521 1222 2565 Multicaule,
1258 2520 1416 2555 caulibus
1453 2521 1594 2563 (5—12)
1628 2518 1773 2554 adscen-

85 2565 247 2601 dentibus
273 2568 374 2601 2—3‘
399 2568 433 2612 l.,
459 2568 707 2612 teretiusculis,
734 2569 968 2614 simplicibus,
1008 2567 1115 2603 dense
1148 2567 1209 2602 sed
1233 2567 1388 2601 molliter
1411 2566 1670 2610 albo-hirsutis,
1692 2566 1773 2611 pilis

83 2613 264 2649 tuberculo
289 2614 408 2649 albido
433 2625 513 2649 raro
537 2615 634 2650 fusco
659 2615 914 2660 insidentibus3
955 2614 1050 2649 foliis
1083 2615 1246 2658 utrinque
1272 2613 1425 2648 breviter
1450 2614 1673 2658 molliterque
1700 2613 1773 2648 hir-

84 2660 173 2695 sutis
199 2666 234 2696 et
258 2662 361 2695 simul
396 2661 655 2705 scabriusculis,
681 2662 896 2697 basilaribus
928 2661 1119 2704 grandibus
1146 2661 1311 2696 1031116113
1337 2661 1538 2705 prostratis,
1570 2660 1777 2696 lanceolatis

82 2707 117 2741 in
150 2708 318 2752 petiolum
350 2709 491 2743 brevem
517 2709 856 2744 subcanaliculatum
892 2709 1101 2751 attenuatis,
1135 2709 1257 2742 subtus
1292 2707 1670 2752 prominenti-venosis,
1696 2719 1777 2742 cau-

80 2753 163 2788 linis
200 2754 301 2799 longe
336 2755 530 2791 minoribus
570 2755 766 2798 sessilibus,
805 2755 1028 2790 inferioribus
1061 2755 1138 2790 basi
1174 2755 1384 2797 attenuatis,
1420 2755 1662 2799 superioribus
1699 2755 1778 2790 basi

81 2801 294 2846 rotundatis3
333 2802 442 2847 spicis
485 2803 784 2837 numerosissimis
817 2802 1023 2837 axillaribus
1059 2802 1229 2837 solitariis
1254 2801 1501 2846 pedunculatis
1534 2802 1607 2836 fere
1633 2813 1676 2836 ex
1703 2802 1773 2836 imo

81 2847 180 2882 caule
205 2848 250 2883 ad
274 2849 412 2893 apicem
438 2849 513 2893 ejus
539 2860 650 2893 usque
675 2849 837 2894 thyrsum
862 2854 1050 2892 angustum
1075 2848 1307 2894 cylindricum
1331 2849 1568 2894 interruptum
1592 2849 1775 2883 formanti-

79 2894 167 2939 bus;
192 2895 344 2930 bracteis
370 2896 695 2932 ovato-lanceolatis
719 2897 877 2941 calycem
903 2895 1201 2939 subaequantibus
1237 2896 1444 2940 laciniisque
1477 2896 1645 2941 calycinis
1675 2895 1772 2934 <sub-

79 2940 286 2977 lanceolatis
320 2943 565 2987 subcarinatis)
599 2943 862 2987 albo-hirsutis,
914 2942 1046 2977 corolla
1083 2944 1203 2989 calyce
1242 2943 1397 2986 longiore
1437 2942 1651 2986 majuscula,
1689 2942 1772 2976 tubo

79 2994 217 3023 exserto
255 2989 388 3031 albido,
423 2990 528 3024 limbo
561 2991 824 3025 coerulescente
857 2994 959 3024 extus
993 2990 1038 3024 ad
1071 2995 1187 3025 costas
1226 2991 1440 3034 pubescente
1478 2990 1570 3024 intus
1602 2988 1771 3023 violaceo-

80 3044 221 3080 venoso,
252 3035 441 3072 filamentis
466 3037 567 3080 longe
593 3037 740 3072 exsertis
772 3047 923 3082 superne
948 3036 1130 3082 violaceis,
1167 3037 1300 3072 duobus
1332 3037 1567 3081 longissimis,
1610 3035 1769 3070 antheris
