1947 3296
988 131 1046 173 79

268 249 309 282 In
334 248 521 291 glareosis,
554 249 795 293 rupestribus,
820 250 904 283 locis
929 248 1036 283 aridis
1063 249 1214 291 regionis
1240 247 1418 282 inferioris
1442 253 1478 282 et
1501 254 1688 283 montanae
1713 260 1784 294 per*
1801 250 1865 284 Hi-

223 296 382 339 spaniam
412 295 623 333 centralem,
658 296 863 330 orientalem
896 302 928 329 et
954 296 1162 329 australem:
1199 295 1234 328 111
1260 304 1366 336 regno
1391 293 1536 337 Legion.
1564 296 1605 338 (c.
1631 295 1809 331 Carucedo
1833 298 1870 330 in

222 341 352 376 ditione
378 341 410 376 el
438 342 578 386 Vierzo,
607 341 746 387 LGE.!),
773 348 922 384 utraque
950 341 1041 376 Cast.
1075 341 1140 384 (pr.
1166 339 1386 384 Valladolid,
1420 340 1542 375 Monte
1574 341 1722 385 Torozo,
1752 342 1867 378 LGE.!

229 388 266 422 in
290 399 375 431 agro
399 388 563 429 Madrit.,
589 387 720 433 QUER,
754 399 782 422 c.
808 387 1001 422 Villalvilla
1026 392 1060 420 et
1083 386 1211 430 Rivas,
1237 385 1346 421 CUT.!
1379 387 1414 420 in
1434 387 1529 431 jugis
1553 387 1657 423 editis
1681 399 1708 423 c.
1734 389 1871 423 Molina

221 435 263 469 de
288 435 433 478 Aragon
465 434 510 468 ad
533 434 594 468 alt.
621 436 864 468 3500-4200’
890 433 1015 467 abund.
1042 432 1089 465 W
1092 433 1162 478 K),
1196 433 1305 475 Arag.
1340 434 1382 477 (0.
1417 433 1664 477 Saragossam,
1691 434 1807 481 ECH.,
1832 436 1867 469 in

222 481 349 526 Pyren.
376 481 419 514 ad
445 481 649 523 Castaneza,
674 481 794 514 ZETT.
820 482 853 514 in
874 480 969 523 jugis
995 478 1098 513 editis
1124 490 1151 512 c.
1178 478 1322 523 Setiles,
1346 479 1550 524 Pozondon,
1581 480 1679 520 WK.,
1703 493 1756 526 pr.
1784 482 1868 517 ’101-

222 528 360 569 recilla,
393 527 610 562 Castelseras
628 534 693 561 etc.
718 532 822 570 atque
847 527 883 559 111
906 525 1081 559 montibus
1115 525 1350 566 australibus,
1387 526 1505 561 LOSC.
1530 527 1722 571 PARDO!),
1756 527 1869 563 Catal.

222 575 462 618 (Moutserrat,
488 575 523 607 in
548 574 693 617 Pyren,
720 573 874 616 COLM.),
907 582 1015 614 regno
1039 571 1179 606 Valent.
1207 572 1252 616 (S.
1278 571 1321 606 de
1347 573 1466 617 Chiva,
1492 573 1593 618 ΨΚ,
1617 574 1655 608 111
1679 573 1811 609 ditione
1836 575 1869 609 el

222 621 456 663 Maestrazgo,
482 620 598 654 LOSC.
623 621 815 662 PARDO!),
850 618 961 652 Mure.
993 617 1039 661 (S.
1066 617 1108 651 de
1133 618 1343 663 Carrascoy,
1369 619 1529 664 GUIR.!),
1566 620 1713 654 Granat.
1738 620 1783 654 ad
1807 621 1868 656 alt.

222 668 395 701 4—8000‘
422 667 467 710 (S.
493 666 535 700 de
560 666 677 701 Maria
704 665 802 707 ΨΚ,
826 665 912 698 FK!
949 664 983 698 S.
1009 663 1051 698 de
1076 663 1205 709 Gador,
1231 665 1262 699 S.
1288 665 1449 711 Nevada,
1476 666 1641 701 Serrania
1665 666 1707 701 de
1732 667 1867 713 Ronda,

220 714 318 755 BSS.,
342 713 476 757 PROL.,
503 712 602 753 WK.,
626 712 776 753 ALTH.).
810 731 838 734 —
875 721 907 744 s.
934 711 1170 754 Majo—Aug.
1197 712 1239 756 (v.
1264 712 1318 756 v.).
1370 712 1602 748 »Camomila«
1631 713 1771 748 Valent.

267 759 358 794 Hab.
378 770 469 803 spec.
487 759 522 792 in
539 758 629 792 Gall.
647 757 806 799 australi,
831 756 931 791 Helv.
959 763 992 791 et
1012 757 1134 802 Tyroli
1151 758 1309 797 australi,
1336 758 1499 803 Carniol.,
1523 759 1642 804 Istria,
1666 759 1868 805 Lombard.,

222 806 390 851 Dalmat,
417 805 577 839 Graecia.

268 877 285 909 ⁶?
303 876 403 910 1397.
452 877 499 908 A.
524 875 679 907 nobilis
705 873 746 907 L.
773 873 855 907 Cod.
883 874 991 907 6507!
1031 872 1101 906 GR.
1129 872 1258 907 GODR.
1283 873 1306 907 l.
1333 884 1360 907 c.
1386 885 1420 917 p.
1447 874 1529 909 1641
1570 874 1694 908 RCHB.
1721 874 1768 909 Ic.
1794 874 1816 908 1.
1836 885 1865 909 0.

176 929 199 958 t.
227 924 312 965 133,
346 922 367 955 f.
395 921 447 955 II!
498 919 627 954 Differt
652 931 673 954 a
697 919 859 964 praeced.
885 919 977 953 foliis
1003 919 1179 953 turionum
1204 919 1423 963 caulinisque
1450 921 1696 965 conformibus,
1721 921 1868 956 caulinis

175 969 322 1004 circuitu
347 968 513 1011 ovalibus,
539 967 698 1000 omnibus
723 966 1020 1010 bipinnatisectis,
1054 966 1181 1000 rhachi
1203 972 1351 1009 angusta
1375 967 1411 1001 in
1436 973 1539 1011 parte
1564 967 1662 1001 limbi
1687 968 1868 1012 superiore

172 1014 459 1058 inciso-dentata,
494 1014 681 1055 segmentis
715 1012 989 1052 remotiusculis,
1022 1012 1159 1047 laciniis
1191 1012 1483 1057 inciso-serratis,
1517 1014 1676 1049 anthedii
1708 1024 1777 1047 non
1801 1014 1870 1049 nisi

175 1065 230 1095 1“‘
246 1061 267 1095 l.
294 1061 445 1103 squamis
469 1059 627 1101 margine
643 1059 918 1101 albo-scariosis,
945 1059 1063 1102 ligulis
1080 1059 1152 1093 late
1169 1059 1595 1105 obovato-subquadratis,
1614 1061 1714 1095 albis.
1741 1060 1868 1095 Caules

181 1107 354 1151 ¹,2—1¹s2‘
380 1106 401 1139 l.
428 1117 506 1140 cum
531 1106 624 1140 foliis
649 1106 742 1140 laete
767 1106 960 1140 virentibus
986 1105 1138 1139 breviter
1163 1106 1288 1150 villosi.
1314 1106 1471 1141 calathia
1495 1107 1783 1142 numerosissima
1806 1107 1869 1140 mi-

172 1155 265 1188 nima
289 1153 325 1187 in
351 1153 553 1196 corymbum
578 1152 796 1195 fastigiatum
820 1162 985 1194 magnum
1011 1151 1117 1186 dense
1143 1158 1319 1196 congesta,
1345 1153 1512 1188 anthodio
1537 1153 1668 1197 pallido
1693 1154 1827 1188 villoso.

266 1200 307 1232 In
333 1199 434 1233 siccis
459 1199 611 1241 regionis
636 1204 822 1233 montanae
848 1199 1048 1241 Aragoniae
1072 1200 1240 1234 australis
1266 1200 1307 1244 (c.
1333 1199 1549 1245 Montalvan,
1575 1199 1720 1244 Segura,
1745 1200 1866 1244 ASSO)

221 1253 255 1282 et
282 1245 508 1280 Catalauniae
535 1245 685 1288 (COLM.)
710 1265 754 1269 -—
783 1253 817 1284 21.
843 1245 926 1288 Jul.,
953 1246 1043 1288 Aug.
1069 1246 1114 1288 (n.
1139 1246 1194 1288 v.).

267 1292 357 1326 Hal).
383 1292 419 1325 111
444 1291 551 1335 Gall.,
576 1292 716 1337 Batav.,
742 1291 859 1335 Helv.,
886 1291 1003 1326 Germ.
1029 1291 1197 1335 australi,
1221 1291 1531 1337 Austria,‘Hung.,
1559 1292 1715 1337 Transs.,
1740 1291 1867 1336 Croat.,

217 1339 343 1383 Dalm,
368 1338 459 1384 Ital,
488 1338 622 1380 Graec,
647 1338 750 1373 Ross.
776 1338 892 1372 media
917 1344 951 1372 et
977 1338 1135 1373 australi.

267 1385 441 1420 Observ.
491 1385 639 1429 Vereor,
674 1385 757 1428 quin
789 1386 897 1429 stirps
922 1385 1106 1429 hispanica
1130 1383 1284 1418 identica
1310 1384 1355 1418 sit
1380 1395 1458 1418 cum
1483 1384 1600 1428 specie
1625 1383 1867 1428 praecedente.

267 1455 367 1488 1398.
415 1457 465 1488 A.
491 1457 688 1496 ligustina
713 1453 808 1487 ALL.
834 1453 888 1488 Fl.
914 1453 1050 1498 pedem.
1076 1453 1103 1497 I,
1128 1465 1163 1497 p.
1192 1453 1269 1497 181,
1295 1458 1318 1486 t..
1338 1453 1393 1496 53,
1417 1452 1475 1496 fig.
1501 1455 1539 1488 2!
1573 1453 1698 1487 RCHB.
1725 1452 1772 1487 Ic.
1798 1453 1820 1487 l.
1839 1464 1867 1488 c.

175 1508 199 1537 t.
228 1503 304 1545 132,
330 1501 352 1535 f.
378 1500 449 1535 III!
476 1511 546 1535 var.
572 1500 910 1544 macrocephala
936 1500 1024 1534 WK.
1058 1500 1270 1544 Pubescens,
1296 1499 1395 1533 caule
1419 1506 1535 1535 erecto
1562 1502 1664 1533 1—2‘
1682 1500 1704 1533 1.
1731 1499 1868 1545 striato,

173 1548 271 1593 apice
296 1557 449 1591 ramoso,
474 1548 566 1582 foliis
592 1547 835 1582 crassiusculis
861 1547 1066 1582 auriculatis
1091 1545 1382 1591 pinnatipartitis,
1407 1547 1534 1581 rhachi
1555 1547 1629 1581 lata
1652 1546 1868 1591 subintegra,

171 1594 421 1639 partitionibus
454 1594 819 1637 lineari-lanceolatis,
853 1593 1071 1638 pinnatifidis
1102 1605 1132 1627 v.
1158 1591 1493 1638 pinnato-dentatis,
1527 1594 1564 1627 in
1596 1593 1691 1628 foliis
1725 1593 1868 1628 summis

171 1642 304 1686 apicem
330 1651 450 1674 versus
476 1640 741 1684 confluentibus,
766 1640 904 1675 laciniis
929 1640 1134 1675 dentibusve
1160 1639 1273 1674 acutis
1298 1641 1533 1685 mucronatis3
1560 1640 1724 1684 corymbo
1750 1639 1867 1683 amplo

170 1687 348 1730 fastigiato
382 1686 504 1728 denso,
539 1687 697 1721 anthodii
723 1689 780 1720 2⁰¹
806 1687 827 1720 l.
859 1687 1013 1730 squamis
1045 1686 1250 1721 lanceolatis
1282 1685 1512 1730 oblongisque
1544 1686 1678 1722 obtusis
1710 1685 1866 1731 pallidis,

170 1734 499 1776 fusco-marginatis.
525 1734 642 1777 ligulis
667 1733 1080 1777 obovato-subquadratis
1105 1733 1206 1767 albis.
1224 1752 1267 1756 —-
1286 1731 1413 1767 Differt
1430 1744 1451 1767 a
1469 1734 1586 1778 specie
1611 1733 1862 1778 partitionibus

169 1781 329 1815 foliorum
355 1779 559 1824 laciniisque
584 1781 780 1822 latioribus,
806 1781 932 1815 rhachi
956 1780 1117 1815 foliorum
1143 1790 1356 1814 summorum
1382 1780 1516 1824 apicem
1540 1790 1662 1815 versus
1688 1779 1862 1814 latissima

170 1838 247 1862 cum
270 1826 458 1870 segmentis
483 1826 679 1862 confluente
705 1832 739 1861 et
764 1827 927 1862 calathiis
951 1827 1024 1861 fere
1051 1826 1156 1871 duplo
1180 1825 1382 1869 majoribus.

261 1873 302 1906 In
326 1873 533 1916 graminosis
558 1874 710 1917 regionis
734 1879 921 1908 montanae
946 1875 1045 1917 regni
1069 1872 1300 1907 Granatensis
1326 1882 1425 1907 raro:
1459 1873 1495 1906 in
1520 1871 1639 1906 Sierra
1664 1871 1706 1905 de
1731 1870 1869 1905 Huetor

217 1922 252 1955 in
283 1919 372 1953 valle
402 1919 494 1954 infra
523 1920 642 1955 fauces
674 1921 725 1955 las
760 1919 907 1955 Dientes
940 1920 982 1954 de
1012 1920 1048 1954 la
1072 1919 1194 1964 Vieja,
1228 1918 1262 1953 S.
1288 1919 1330 1954 de
1355 1918 1474 1953 Maria
1503 1919 1540 1953 in
1570 1918 1661 1954 valle
1685 1917 1866 1952 Barranco

216 1967 324 2010 agrio,
350 1965 437 1999 WK.
463 1986 507 1990 —-
534 1975 569 2006 21.
594 1966 690 2001 Julio
717 1968 758 2011 (v.
784 1968 840 2008 v.).

263 2012 354 2046 Hah.
381 2022 471 2056 spec.
497 2014 532 2046 in
557 2013 768 2058 Galloprov.,
795 2013 902 2055 Coi-s,
928 2011 1021 2055 Ital,
1046 2011 1172 2050 Dalm..
1198 2010 1359 2046 Graecia.

263 2058 438 2093 Observ.
487 2059 630 2104 Nescio,
665 2069 838 2104 quaenam
872 2059 1008 2104 species
1040 2059 1085 2093 sit
1110 2057 1323 2092 Achillea
1350 2067 1511 2100 magna
1544 2057 1588 2091 ab
1614 2055 1823 2091 Echeandia
1847 2065 1866 2089 e

218 2103 308 2139 flora
333 2105 572 2148 Saragossana
596 2106 751 2142 laudata.

264 2174 365 2207 1399.
414 2176 462 2208 A.
490 2177 866 2209 chamaemelifolia
889 2175 1044 2209 POURR.
1067 2174 1147 2208 Act.
1173 2173 1273 2208 Toul.
1299 2173 1366 2217 III,
1391 2185 1424 2217 p.
1445 2173 1524 2206 305.
1550 2171 1622 2206 GR.
1641 2171 1770 2206 GODR.
1795 2171 1818 2206 1.
1836 2181 1866 2205 0.

171 2232 204 2264 p.
232 2221 314 2254 165!
350 2219 474 2254 RCHB.
500 2220 546 2255 Ic.
582 2222 604 2255 1.
631 2233 659 2256 c.
692 2228 717 2257 t.
745 2223 830 2262 132,
864 2221 886 2255 f.
913 2221 946 2256 I!
984 2221 1039 2265 (A.
1065 2220 1251 2265 capillata,
1283 2219 1414 2254 falcata
1438 2225 1474 2254 et
1497 2218 1720 2253 recurvifolia
1742 2218 1866 2260 LAP.).

171 2266 415 2311 Glabrescens,
441 2267 533 2301 laete
557 2268 684 2306 virens.
710 2269 870 2303 caulibus
895 2268 1022 2303 erectis
1046 2279 1075 2302 v.
1102 2266 1417 2310 adscendentibus,
1459 2265 1568 2310 111-1
1582 2265 1635 2310 ¹l2‘
1659 2266 1694 2311 l.,
1721 2264 1867 2307 striatis,

170 2313 312 2358 foliosis,
339 2313 555 2357 simplicibus
579 2327 608 2349 v.
636 2325 740 2359 parce
765 2315 932 2359 ramosis3
967 2314 1060 2349 foliis
1084 2312 1256 2358 profunde
1280 2312 1775 2358 pectinato-pinnatipartitis,
1803 2311 1868 2345 011-

171 2360 266 2395 cuitu
290 2360 576 2404 ovato-oblongis,
602 2362 727 2396 rhachi
751 2361 941 2396 latiuscula
957 2361 1106 2404 integra,
1131 2360 1383 2405 partitionibus
1399 2359 1657 2394 remotiusculis
1673 2359 1867 2394 linearibus

170 2406 403 2449 integerrimis
426 2418 455 2440 v.
473 2407 766 2452 inciso-dentatis,
792 2407 1025 2452 mucronatis;
1051 2407 1216 2452 corymbo
1241 2406 1423 2450 fastigiato
1447 2405 1566 2450 denso,
1591 2403 1866 2440 anthodii21‘11.

171 2453 325 2496 squamis
357 2452 514 2495 oblongis
548 2455 647 2498 apice
679 2454 890 2498 rotundatis,
921 2453 1263 2497 fusco-marginatis,
1291 2453 1394 2488 dorso
1418 2452 1587 2487 viridibus
1611 2457 1767 2487 ceterum
1790 2450 1867 2496 pal-

172 2498 263 2541 lidis,
286 2498 404 2541 ligulis
429 2499 499 2533 late
525 2501 681 2536 obovatis
707 2501 816 2546 albis3
842 2501 1024 2536 achaeniis
1049 2501 1149 2544 apice
1176 2499 1388 2545 rotundatis,
1422 2499 1531 2534 fuscis
1552 2498 1867 2542 albo-marginatis.

264 2544 305 2578 In
341 2546 560 2589 rupestribus
596 2548 746 2591 regionis
785 2552 970 2582 montanae
1008 2548 1270 2592 Pyrenaeorum
1311 2546 1540 2581 Catalauniae
1577 2545 1636 2584 (ad
1671 2545 1867 2588 Set-Casas,

218 2591 361 2625 ISERN!
398 2591 520 2635 Nuria,
546 2593 697 2638 SALV.!)
723 2599 758 2628 et
781 2594 883 2629 vallis
907 2594 1073 2629 Andorra
1100 2593 1235 2638 (BTH.).
1262 2613 1306 2618 —
1334 2602 1368 2633 Δ.
1394 2592 1488 2639 .]1111.,
1514 2591 1586 2626 Jul.
1613 2593 1654 2636 (v.
1682 2591 1734 2636 s.).

265 2637 356 2672 Hab.
383 2637 417 2671 in
441 2638 632 2683 Pyrenaeis
658 2640 900 2676 orientalibus.

219 2700 313 2729 Sect.
343 2697 390 2728 ΙΙ.
425 2696 649 2729 ptarmica
675 2696 831 2732 TOURN.
856 2698 878 2731 l.
896 2709 925 2732 c.
957 2697 1177 2732 Anthodium
1200 2696 1535 2742 hemisphaericum.
1568 2695 1718 2739 Ligulae
1741 2695 1865 2730 antho-

380 2739 474 2773 dium
499 2748 702 2787 aequantes,
727 2744 951 2788 tricrenatae,
977 2744 1090 2778 albae.
1136 2744 1416 2789 Receptaculum
1439 2743 1592 2787 planum.
1623 2763 1658 2767 —
1689 2741 1791 2777 Folia
1814 2741 1866 2775 in-

378 2792 490 2830 tegra,
515 2788 670 2822 calathia
694 2790 780 2825 satis
804 2801 932 2834 magna
955 2790 991 2824 in
1016 2790 1221 2836 corymbum
1245 2789 1507 2834 subsimplicem
1531 2793 1737 2832 aggregata.

266 2855 367 2889 1400.
415 2858 464 2890 A.
489 2858 701 2891 Ptarmica
725 2858 766 2893 L.
792 2859 874 2894 Cod.
899 2870 932 2893 n.
959 2860 1068 2893 6501!
1107 2858 1178 2894 GR.
1205 2859 1334 2894 GODR.
1366 2858 1389 2893 l.
1416 2868 1444 2892 0.
1480 2869 1514 2902 p.
1541 2859 1625 2892 165!
1666 2857 1791 2891 RGHB.
1816 2855 1864 2891 Ic.

171 2901 241 2953 ¹2⁰·
267 2906 290 2936 t.
311 2903 396 2936 123!
423 2902 614 2945 (Ptarmica
638 2904 792 2947 vulgaris
818 2906 943 2949 Onus„
968 2906 1151 2951 BLAKW.,
1177 2905 1327 2949 PLAN.).
1364 2904 1542 2939 Puberula
1567 2917 1595 2939 v.
1615 2904 1749 2948 glabra,
1773 2903 1866 2937 laete

169 2957 297 2991 wreus,
323 2948 544 2993 stolonifera,
570 2950 669 2983 caule
694 2957 811 2986 erecto
837 2953 968 2997 stricto,
995 2952 1147 2997 simplici
1172 2957 1207 2987 et
1231 2952 1332 2996 apice
1356 2962 1511 2994 ramoso,
1537 2950 1865 2994 angulato-striat03

171 2994 264 3029 foliis
288 2994 640 3031 lineari—lanceolatis
662 2996 908 3043 linearibusve,
932 2999 1036 3042 longe
1061 2999 1225 3043 acutatis,
1249 3003 1374 3040 argute
1399 2997 1462 3033 sed
1485 2997 1646 3032 minutim
1669 2996 1866 3040 serrulatis,

173 3041 322 3076 caulinis
360 3041 437 3077 basi
472 3042 546 3077 lata
582 3043 778 3083 sessilibus:
817 3046 980 3090 corymbo
1012 3045 1110 3089 laxo,
1149 3044 1300 3089 simplici
1330 3049 1390 3079 aut
1426 3044 1637 3089 composito,
1674 3043 1866 3085 fastigiato,
