1947 3296
983 111 1077 156 170

181 228 406 273 marginatis3
432 229 573 264 corollis
590 231 788 275 purpureis,
814 230 904 265 radii
922 230 1018 265 disco
1035 230 1093 265 vix
1109 230 1335 274 longioribus,
1360 230 1540 265 aehaeniis
1558 232 1574 264 1
1586 230 1661 275 ’βω
1677 230 1700 266 l.
1718 232 1874 267 obsolete

126 298 135 303 -
184 276 338 321 costatis,
364 276 629 320 nigricantibus,
656 277 801 320 villosis,
827 288 945 322 pappo
969 277 1074 322 paulo
1099 277 1325 320 longioribus.
1351 297 1396 301 —
1421 276 1547 312 Variat
1572 278 1673 313 caule
1698 284 1815 314 erecto
1840 285 1876 314 et

181 321 318 359 diffuso.

276 369 318 404 In
348 369 468 413 cultis,
502 369 693 413 ruderatis,
726 369 770 404 ad
801 369 996 411 vinearum,
1032 380 1195 412 agrorum
1219 370 1421 412 viarumque
1446 369 1622 413 margines
1647 370 1800 414 regionis
1824 371 1874 405 in-

229 417 365 452 ferioris
389 415 583 460 Hispaniae
609 417 776 451 australis
801 416 948 460 passim:
975 416 1010 449 in
1035 426 1142 459 regno
1167 415 1322 449 Murcico
1350 416 1392 459 (o.
1418 415 1535 460 Pulpi,
1560 415 1708 461 GUHM)
1735 423 1770 452 et
1786 416 1875 452 Gra-

229 469 301 499 nat.
327 465 369 508 (c.
394 463 490 497 Vera
514 469 549 497 et
572 463 742 498 Almeria.
767 463 954 505 BOURG.!)
982 482 1023 485 —-
1051 466 1088 502 Θ
1114 462 1213 506 Apin,
1240 461 1339 504 Majo
1366 462 1408 506 (v.
1435 462 1488 505 s.).

275 510 366 545 Hab.
393 510 428 544 in
451 509 618 553 Palaest,
644 510 765 552 Arab.,
790 510 963 553 Aegypto.
988 508 1147 552 Barbar„
1174 508 1342 542 Canariis.

778 636 947 676 Species
972 635 1253 674 inquirendae
1265 643 1274 666 z

187 730 438 763 Centaurea
467 729 790 770 (s'alcitrapa)
818 728 1103 771 alym-immite
1128 725 1238 760 COSS.
1256 725 1356 760 DUR.
1374 736 1430 770 ap.
1449 726 1559 761 COSS.
1576 727 1624 771 pl.
1643 728 1719 763 erit.
1737 740 1770 773 p.
1791 730 1874 764 136!

390 793 433 798 -
458 774 493 807 in
518 773 639 807 Africa
664 774 809 811 boreali,
835 773 986 808 fortasse
1011 773 1047 806 in
1071 783 1177 815 regno
1202 772 1362 807 Murcieo
1385 784 1415 807 v.
1442 772 1666 808 Granatensi.

231 842 274 846 —
303 821 652 863 (Am-oropum)
681 823 948 864 leucophaea
974 819 1094 854 JORD.
1121 819 1201 854 Obs.
1227 819 1276 863 V,
1310 832 1343 863 p.
1369 820 1424 861 64,
1456 825 1480 854 t.
1507 822 1539 864 4,
1564 820 1586 854 f.
1612 820 1660 856 F!
1696 821 1731 855 in
1756 820 1875 856 Gallia

391 866 537 900 australi
563 871 597 899 et
622 866 815 910 Pyrenaeis
841 867 1083 902 orientalibus,
1108 866 1341 910 probabiliter
1364 866 1400 899 in
1426 865 1643 901 Catalaunia.

231 933 272 937 -—
302 914 648 956 (Am-olaphus)
677 917 935 956 corymbos-a
961 913 1115 948 POURR.
1141 913 1220 947 Aet.
1248 913 1364 947 Tolos.
1391 912 1457 957 ΙΙΙ7
1482 925 1516 957 p.
1542 915 1618 947 310.
1646 913 1766 948 JORD.
1794 913 1875 949 Obs.

391 959 412 992 1,
439 970 467 992 c.
489 958 511 992 f.
540 958 581 992 C!
610 978 653 982 —
680 959 716 993 in
742 958 857 994 Gallia
880 960 1139 1002 Narbonnensi,
1165 959 1397 1004 probabiliter
1422 959 1456 993 in
1483 959 1701 994 Catalaunia.

233 1025 276 1030 —
307 1007 631 1049 (Lopholoma)
665 1018 969 1050 yymnocarpa
1003 1007 1109 1041 MOR.
1145 1005 1180 1040 fl.
1223 1006 1368 1050 Caprar.
1408 1018 1441 1050 p.
1475 1008 1530 1041 77.
1570 1007 1678 1041 COSS.
1713 1007 1762 1051 pl.
1799 1007 1876 1042 crit.

388 1063 421 1095 p.
448 1053 531 1085 136!
560 1071 602 1074 —
627 1052 663 1085 in
688 1052 845 1095 Algeria,
871 1053 1022 1088 fortasse
1046 1054 1082 1087 in
1107 1053 1280 1097 Hispania
1305 1053 1464 1088 australi.

228 1118 272 1123 ——
300 1100 628 1141 [Lopholomaj
657 1102 867 1133 colem-ea
892 1098 1012 1134 JORD.
1038 1100 1080 1134 fr.
1105 1099 1186 1142 VII,
1213 1112 1245 1143 p.
1265 1101 1324 1134 32!
1352 1120 1396 1124 —
1422 1100 1458 1133 in
1482 1098 1601 1134 Gallia
1624 1105 1660 1134 et
1683 1100 1876 1145 Pyrenaeis

390 1143 675 1187 occidentalibus,
700 1146 933 1189 probabiliter
957 1147 992 1180 in
1018 1146 1177 1181 Navarra
1204 1158 1232 1180 v.
1258 1147 1458 1181 Cantabria.

227 1211 269 1216 —
298 1191 657 1235 [Metanoloma]
695 1194 993 1228 involvam-ata
1024 1193 1145 1227 DESF.
1178 1192 1232 1226 Fl.
1264 1194 1325 1228 att.
1359 1193 1412 1237 Π,
1451 1205 1483 1237 p.
1512 1193 1598 1227 295!
1627 1212 1669 1217 —
1695 1193 1729 1227 in
1754 1193 1877 1227 Africa

386 1237 532 1281 boreali,
557 1237 708 1272 fortasse
732 1238 769 1272 in
792 1238 948 1273 Baetica.

232 1304 275 1309 ——-
304 1285 686 1328 [Claeirolophus]
714 1287 951 1329 uliyinosa
976 1285 1101 1321 BROT.
1127 1286 1181 1321 Fl.
1208 1286 1303 1322 lusit.
1328 1285 1357 1331 I,
1381 1298 1414 1330 p.
1441 1287 1527 1321 368!
1555 1306 1598 1311 —
1624 1285 1661 1319 in
1676 1284 1875 1329 Lusitania,

385 1330 535 1364 fortasse
562 1330 598 1364 in
623 1330 797 1375 Hispania
822 1332 1042 1366 occidentali.

227 1397 270 1401 —
298 1376 529 1420 (Cydnus)
558 1384 772 1411 montana
798 1377 838 1412 L.
866 1379 904 1417 13.
931 1380 1182 1422 pyrenaica
1207 1378 1335 1414 GODR.
1354 1378 1425 1413 GR.
1452 1399 1494 1402 —
1520 1379 1556 1413 in
1580 1378 1772 1423 Pyrenaeis
1790 1377 1871 1421 gall.

387 1424 613 1461 centralibus,
638 1425 871 1468 probabiliter
894 1427 929 1459 in
952 1426 1144 1469 Aragonia.

227 1490 270 1494 -
299 1470 494 1513 [dacem]
531 1473 835 1515 mim-optilam
862 1471 991 1506 GODR.
1018 1472 1089 1506 GR.
1121 1472 1175 1506 Fl.
1211 1471 1252 1506 (le
1284 1471 1343 1506 Fr.
1374 1470 1429 1515 II,
1465 1483 1499 1516 p.
1526 1473 1624 1516 242!,
1650 1470 1755 1505 —in
1780 1470 1872 1504 Gall.

387 1517 743 1561 austro-occidentali,
768 1518 919 1554 fortasse
944 1519 979 1552 in
1004 1519 1197 1553 Cantabria
1220 1531 1250 1553 v.
1277 1518 1496 1553 Catalaunia.

230 1582 272 1587 —-
304 1564 631 1607 (Phalolepis)
660 1571 878 1609 strepens
903 1565 1057 1600 HFFGG.
1083 1565 1155 1600 LK.
1181 1565 1235 1600 Fl.
1268 1570 1358 1610 port.
1384 1564 1438 1610 Il,
1471 1577 1504 1610 p.
1530 1565 1616 1608 236;
1646 1584 1683 1587 —
1712 1564 1749 1599 in
1772 1563 1875 1599 Lusi—

388 1610 495 1648 tania,
520 1610 670 1645 fortasse
695 1612 730 1645 in
755 1611 930 1655 Hispania
954 1612 1172 1647 occidentali.

183 1657 518 1690 Microlonchns
550 1660 797 1692 Delestrei
829 1659 963 1693 SPACH
995 1659 1102 1704 Expl.
1139 1670 1186 1695 sc.
1212 1658 1332 1702 Alger.
1363 1663 1387 1693 t.
1413 1659 1467 1692 56.
1499 1677 1543 1683 —
1576 1658 1613 1692 in
1644 1658 1875 1702 Mauritania,

386 1702 536 1738 fortasse
560 1704 596 1737 in
619 1703 776 1740 Baetica.

396 1858 500 1903 Trib.
537 1859 585 1903 V.
659 1859 954 1917 Crupineae
992 1861 1069 1905 GR.
1109 1861 1251 1906 GoDR..
1278 1871 1332 1907 Fl.
1358 1871 1418 1907 Fr.
1445 1871 1492 1916 11,
1518 1884 1550 1917 p.
1577 1872 1662 1906 2661

294 1968 464 2009 Calathia
508 1970 723 2022 pauciflora
765 1971 1036 2025 heterogama.
1100 1972 1340 2013 Anthodium
1378 1972 1654 2025 pluriseriale‚
1695 1971 1873 2023 squamis

179 2027 391 2065 imbricatis
433 2029 813 2081 exappendiculatis.
876 2030 1186 2083 Receptaculum
1228 2030 1671 2082 setaceo-paleaceum.
1733 2029 1872 2069 Flores

178 2085 416 2137 marginales
449 2087 592 2135 neutri,
629 2088 728 2127 disci
752 2087 1078 2140 hermaphrorliti,
1111 2101 1250 2128 omnes
1281 2089 1485 2140 aequales.
1534 2087 1708 2127 Stamina
1730 2087 1872 2138 libera,

178 2142 339 2181 anthera
373 2144 536 2183 caudata
569 2149 606 2183 et
647 2145 969 2197 appendiculam,
1012 2146 1214 2186 filamento
1253 2146 1459 2199 papilloso.
1522 2144 1724 2184 Achaenia
1764 2156 1872 2184 com—

176 2211 338 2251 pressa,
380 2200 457 2240 bilo
491 2202 650 2242 basilari
683 2209 876 2255 angusto,
922 2204 1034 2244 disco
1067 2205 1241 2257 epigyno
1274 2216 1354 2244 non
1388 2203 1633 2255 marginato,
1673 2201 1873 2254 profunde

178 2262 380 2306 excavato,
414 2261 644 2313 marginalia
677 2261 800 2310 calva,
834 2261 933 2301 disci
966 2275 1093 2315 pappo
1127 2262 1285 2314 duplici,
1320 2261 1523 2301 exteriore
1556 2273 1578 2299 e
1610 2259 1699 2312 pilis
1733 2260 1872 2299 liberis

176 2315 494 2366 pluriserialibus
521 2318 798 2371 inaequalibus
825 2319 1065 2359 brevissime
1091 2320 1245 2371 ciliatis,
1275 2320 1359 2359 basi
1385 2319 1512 2371 paleis
1539 2318 1720 2370 angustis
1743 2317 1873 2356 brevi-

177 2372 251 2411 bus
292 2374 505 2414 imbricatis
544 2376 799 2416 circumdatis
840 2378 1086 2429 composito,
1131 2378 1325 2417 interiore
1367 2371 1552 2428 e'paleis
1597 2373 1648 2414 10
1678 2375 1767 2415 latis
1800 2374 1872 2414 sed

178 2430 426 2470 brevissimis
462 2433 628 2473 formato
661 2434 961 2486 cupulael'ormi.

294 2510 610 2553 CCCLXXXVII.
674 2515 888 2555 CRUPINA
930 2515 1040 2556 CAss.
1079 2516 1179 2555 Dict.
1221 2528 1276 2556 so.
1319 2521 1396 2555 nat.
1436 2512 1512 2564 44,
1557 2527 1593 2567 p.
1634 2511 1687 2553 39
1730 2518 1770 2553 et
1802 2512 1871 2563 50,

178 2578 212 2617 p.
247 2565 339 2606 259.
393 2569 470 2608 DC.
514 2571 646 2613 Prodr.
689 2572 754 2611 VI.
803 2586 838 2625 p.
872 2571 975 2613 565!
1037 2573 1280 2613 Anthodium
1321 2574 1397 2613 sub
1443 2572 1601 2612 anthesi
1641 2572 1870 2624 oblongum,

181 2624 336 2663 demum
370 2626 603 2667 obconieum
638 2635 793 2681 patens.
857 2632 1052 2683 Squamae
1085 2632 1198 2671 valde
1231 2631 1478 2684 inaequales,
1515 2630 1688 2669 extimae
1720 2629 1871 2668 brevis<

180 2681 317 2731 simae,
352 2683 510 2722 intimae
539 2687 650 2725 valde
683 2689 909 2739 elongatae,
944 2701 1085 2728 omnes
1119 2690 1365 2729 lanceolatae
1389 2687 1658 2736 acutissimae,
1692 2687 1872 2740 margine

177 2739 394 2789 scariosae‚
413 2740 534 2780 dorso
555 2747 926 2795 nervoso-striatae,
951 2747 1230 2799 glaberrimae.
1266 2746 1449 2788 Corollae
1466 2756 1708 2798 purpureae,
1733 2756 1870 2796 parum

179 2802 381 2847 exsertae,
405 2797 524 2851 longe
549 2801 755 2843 tubulosae
780 2804 826 2843 ad
853 2805 1004 2856 apicem
1029 2805 1111 2844 tubi
1135 2810 1251 2844 extus
1276 2805 1475 2844 barbatae.
1509 2802 1712 2842 Achaenia
1736 2813 1872 2841 crassa

179 2856 564 2906 truncato-obovata‚
599 2862 768 2911 sericea,
805 2874 928 2914 pappo
961 2863 1165 2903 exteriore
1201 2863 1330 2902 fructu
1362 2861 1481 2914 duplo
1514 2860 1697 2913 longiore
1731 2864 1867 2912 paten-

179 2912 344 2951 tissimo.
374 2936 426 2940 —
457 2913 614 2954 Herbae
647 2930 802 2958 annuae
835 2920 1022 2972 graciles,
1055 2921 1168 2962 caule
1201 2925 1340 2960 erecto
1373 2931 1548 2971 superne
1579 2929 1754 2967 ramoso,
1789 2917 1869 2956 sul—

180 2974 267 3008 cato
291 2969 428 3023 glabro
452 2983 486 3010 V.
520 2973 934 3027 scabritie-puberum,
969 2980 1088 3018 ramis
1122 2978 1279 3031 patulis,
1313 2989 1432 3029 saepe
1467 2976 1645 3026 furcatis,
1678 2974 1868 3014 filiformi-

180 3028 267 3078 bus,
302 3028 493 3068 subnudis
525 3034 991 3086 squamoso-bracteatis,
1032 3035 1348 3088 1—2-cepbaliS.
1402 3034 1506 3074 Folia
1538 3033 1722 3073 basilaria
1755 3043 1869 3071 rosu-
