1947 3296
978 106 1075 151 534

291 229 392 264 2593.
441 230 491 262 D.
517 229 648 262 Metel
672 226 714 262 L.
739 225 821 262 Cod.
847 238 879 261 n.
900 228 1004 262 1421!
1032 226 1132 262 DUN.
1151 225 1173 259 l.
1192 236 1220 261 c.
1246 236 1280 270 p.
1298 226 1383 260 543!
1426 225 1518 261 Tota
1543 226 1652 262 dense
1669 226 1865 271 pubescens

177 274 317 311 sordide
349 274 698 318 cinereo-virescens,
734 274 834 309 caule
859 280 976 309 erecto
1000 272 1106 308 tereti
1131 271 1415 315 subdichotomo,
1443 273 1546 308 3—4‘
1570 273 1612 316 1.,
1652 272 1746 309 foliis
1769 273 1872 318 longe

174 322 353 368 petiolatis
384 322 496 357 ovatis
527 321 694 367 repandis
719 320 1016 365 integerrimisve,
1051 318 1290 365 superioribus
1315 317 1484 365 geminis3
1521 319 1668 356 floribus
1691 320 1727 354 in
1752 320 1873 356 dicho·

173 369 293 405 tomiis
323 369 400 406 sitis
429 369 674 413 alaribusque,
710 368 830 414 calyce
862 367 1025 412 2¹s2—3“
1049 366 1072 401 l.
1106 365 1335 401 teretiusculo
1367 365 1476 402 dilute
1507 366 1629 411 viridi,
1668 367 1801 402 corolla
1831 377 1873 403 eo

175 416 282 462 duplo
305 416 473 461 longiore,
496 416 581 451 tubo
605 415 699 450 infra
723 415 856 449 virente
880 419 1034 449 ceterum
1059 412 1150 455 albo,
1175 412 1284 446 limbo
1310 412 1405 447 ultra
1430 413 1475 448 2“
1493 413 1596 449 diam.
1622 413 1706 457 lato,
1731 424 1775 449 ex
1790 414 1871 450 albo

174 468 471 510 purpurascente3
511 462 656 508 capsula
685 461 883 507 pedunculo
913 465 992 506 post
1022 459 1188 495 anthesin
1218 459 1372 495 refracto
1396 460 1569 506 pendula,
1603 460 1748 504 globosa
1771 461 1874 506 longe

176 510 238 547 sed
263 510 418 546 tenuiter
443 511 622 545 muricata.

291 568 333 602 In
368 567 562 610 ruderatis,
599 566 773 610 arenosis,
813 564 937 608 cultis,
977 564 1012 598 in
1048 563 1141 607 agris
1177 563 1270 598 Zeae
1304 563 1457 607 regionis
1491 563 1646 600 inferior.
1680 565 1876 611 Hispaniae

221 614 384 651 oriental.
416 620 452 650 et
484 613 629 650 austral.
658 612 808 657 passim:
851 611 887 645 in
922 610 1033 646 Catal.
1068 611 1133 655 (pr.
1157 610 1328 645 Viladran
1360 616 1395 646 et
1418 611 1523 655 alibi,
1559 611 1725 655 CSTA.!),
1768 623 1875 657 regno

221 661 362 697 Valent.
387 661 543 705 (Dehesa
574 660 617 694 de
641 658 830 700 Valencia,
870 658 984 702 CAV.,
1022 657 1225 700 BOURG.!),
1267 657 1381 693 Murc.
1416 658 1482 702 (pr.
1514 658 1749 694 Alcautorilla
1781 660 1876 696 haud

223 708 345 753 procul
369 709 414 743 ab
438 708 524 742 urbe
549 706 700 751 Murcia,
725 705 839 740 GUIR.
854 705 887 750 1),
913 704 1058 739 Granat.
1086 710 1152 748 (pr.
1179 703 1367 749 Granada,
1393 704 1502 749 WK.,
1528 705 1628 748 Vega
1651 705 1694 740 de
1719 706 1875 752 Malaga,

223 755 338 798 BSS.),
376 755 475 789 Baet.
509 753 567 799 (ad
598 752 678 788 fluv.
705 751 959 797 Guadalquivir
982 763 1035 797 pr.
1061 750 1206 796 Sevilla‚
1238 751 1405 791 BOUT.l).
1445 772 1490 777 —
1535 755 1576 795 Θ
1618 751 1874 790 Jul.-Oct0b.

228 803 270 846 (v.
299 802 355 846 v.).

294 859 385 894 Hab.
411 857 448 892 in
472 856 623 901 Sardin.,
649 855 756 902 sicil,
781 855 885 890 India
908 856 1045 900 orient„
1069 855 1189 891 Amer.
1215 856 1363 902 tropica.

293 928 313 949 *
336 928 439 963 2594.
488 929 540 961 D.
565 928 743 962 arborea
765 926 808 961 L.
833 925 916 961 Cod.
941 938 974 961 n.
995 927 1101 961 1422!
1128 925 1228 961 DUN.
1253 925 1275 960 1.
1292 937 1320 961 c,
1346 937 1379 971 p.
1402 927 1486 962 5441
1513 926 1612 962 RUIZ
1637 931 1672 962 et
1696 927 1793 963 PAv.
1818 927 1875 963 Fl.

181 986 300 1021 peruv.
326 979 350 1010 t.
369 975 448 1017 128,
474 973 570 1009 CAV.
594 973 710 1008 Prael.
736 984 770 1008 n.
784 974 868 1008 257!
896 973 1142 1018 (Brugmansia
1158 971 1308 1009 candida
1331 973 1386 1017 Ρ.)
1422 973 1619 1012 Fruticosa.
1637 974 1879 1018 arborescens‚

177 1022 311 1058 truncis
335 1021 482 1064 erectis,
518 1021 625 1056 ramis
649 1020 900 1065 tuberculatis,
933 1021 1028 1055 foliis
1063 1020 1175 1056 ovatis
1211 1020 1534 1056 ovato-lanceolatis
1566 1021 1768 1065 oblongisve
1791 1022 1881 1058 inte-

179 1069 353 1114 gerrimis,
378 1068 654 1113 pubescentibus
678 1067 873 1113 glabrisve;
898 1066 1045 1102 floribus
1071 1067 1208 1102 cernuis
1232 1067 1407 1112 maximis,
1432 1068 1554 1114 calyce
1580 1066 1672 1113 3¹l2¹¹
1689 1069 1724 1115 1.,
1749 1069 1882 1104 corolla

180 1116 248 1153 10“
272 1116 294 1151 l.
320 1114 587 1160 candidissima,
613 1114 761 1159 capsula
784 1114 936 1158 oblonga
959 1113 1140 1160 apiculata
1162 1113 1298 1148 inermi.

292 1173 463 1217 Indigena
486 1173 671 1218 Peruviae,
693 1173 729 1207 in
753 1173 867 1208 hortis
891 1172 1089 1218 Hispaniae
1114 1171 1280 1209 australis
1303 1171 1507 1216 frequenter
1530 1172 1635 1209 culta.
1717 1177 1742 1211 t,
1766 1173 1883 1219 Majo,

224 1218 342 1257 Junio.
369 1223 411 1265 (v.
437 1220 493 1266 v.).
544 1219 810 1265 »Trompetas«

294 1314 476 1356 DLXVll.
537 1312 876 1355 HYOSCYAMUS
916 1313 1059 1353 Toum«.
1091 1311 1208 1366 lust,
1251 1313 1294 1353 L.
1329 1312 1427 1352 Gen.
1460 1311 1533 1365 ph,
1580 1312 1674 1352 Dum.
1707 1325 1766 1366 ap.
1801 1313 1878 1354 DC.

179 1373 204 1413 1.
233 1386 267 1414 c.
300 1385 335 1426 p.
366 1370 467 1413 5461
530 1372 654 1424 Calyx
685 1372 929 1423 urceolatus,
963 1372 1206 1424 persistens,
1240 1376 1333 1424 post
1362 1371 1546 1411 anthesin
1579 1370 1694 1410 valde
1725 1377 1882 1424 auctus,

180 1431 299 1471 limbo
332 1429 472 1471 5-fid0.
534 1430 692 1471 Corolia
725 1428 1127 1480 infundibuliformis,
1160 1429 1282 1470 limbo
1313 1428 1458 1483 plicato
1491 1427 1646 1470 5-10b0.
1709 1430 1882 1471 Stamina
1929 1440 1938 1448 ²

179 1491 258 1530 imo
290 1489 467 1530 corollae
499 1489 593 1529 tubo
624 1489 797 1540 inserta,
831 1488 1051 1538 declinata,
1085 1488 1262 1528 antberis
1293 1487 1638 1540 longitudinaliter
1670 1487 1881 1528 dehiscen-

180 1548 300 1589 tibus.
353 1548 502 1600 stigma
535 1548 758 1600 capitatum.
803 1546 972 1599 Capsula
1003 1545 1150 1598 calycis
1182 1546 1277 1586 tubo
1309 1545 1477 1593 inclusa,
1513 1545 1742 1586 bilocularis
1774 1547 1882 1600 poly-

180 1617 354 1659 sperma,
386 1605 578 1659 operculo
611 1605 892 1646 circumscisse
924 1604 1150 1645 dehiscens.
1202 1604 1361 1644 Semina
1392 1604 1624 1643 reniformia
1657 1616 1692 1646 v,
1726 1604 1884 1645 orbicu-

183 1664 294 1713 laria‚
329 1664 550 1716 embryone
583 1668 760 1704 arcuato.
790 1686 847 1692 -—
878 1663 1037 1703 Herbae
1070 1661 1239 1703 foliosae
1273 1663 1443 1714 pingues
1479 1662 1674 1712 foetidae,
1719 1662 1884 1703 floribus

181 1722 410 1763 axillaribus
442 1721 655 1774 solitariis,
689 1720 910 1762 fructiferis
944 1721 1092 1774 spicam
1124 1720 1251 1761 laxam
1285 1720 1561 1760 unilateralem
1595 1719 1768 1762 foliatam
1803 1721 1883 1761 for·

182 1781 392 1822 mantibus.

306 1859 408 1894 2595.
457 1861 512 1894 H.
549 1861 668 1900 niger
702 1858 744 1894 L.
781 1857 863 1893 Cod.
900 1869 932 1894 n.
959 1859 1068 1894 1423!
1117 1857 1217 1892 DUN.
1245 1857 1267 1892 l.
1293 1867 1340 1901 c.,
1381 1857 1452 1893 GR.
1477 1856 1606 1893 GODR.
1631 1857 1654 1892 1.
1680 1869 1709 1893 c.
1742 1870 1775 1903 p.
1802 1860 1885 1894 5461

187 1905 312 1941 RGHB.
338 1906 386 1942 Ic.
412 1905 434 1940 1.
454 1916 482 1940 c.
508 1910 533 1940 t.
559 1908 590 1949 2,
618 1905 642 1940 f.
668 1905 725 1941 II!
774 1905 1086 1941 Viscoso-villosus
1112 1905 1210 1950 (pilis
1234 1904 1460 1947 articulatis),
1484 1905 1583 1939 caule
1607 1910 1724 1940 erecto
1749 1916 1890 1941 ramoso

191 1952 292 1988 1—2‘
316 1953 352 1998 1.,
377 1952 469 1988 foliis
493 1952 707 1988 basilaribus
731 1953 898 1988 rosulatis
923 1951 1121 1997 petiolatis,
1151 1951 1300 1987 caulinis
1326 1951 1510 1987 sessilibus
1534 1951 1888 1997 semiamplexicauli-

187 2000 253 2035 bus
290 2005 325 2035 et
360 1998 712 2039 subdecurrentibus,
739 1999 898 2034 omnibus
934 1999 1244 2042 ovato-oblongis,
1286 1998 1608 2033 sinuato-dentatis
1644 2004 1705 2034 aut
1735 1999 1888 2034 sinuato-

191 2046 425 2092 pinnatifidis3
450 2045 598 2081 floribus
624 2046 762 2085 erectis.
788 2046 900 2091 primo
925 2045 1032 2080 dense
1056 2045 1093 2080 in
1118 2046 1234 2089 spicas
1248 2045 1478 2081 unilaterales
1496 2046 1729 2081 subrecurvas
1746 2045 1889 2082 foliosas

189 2093 376 2138 congestis,
399 2092 519 2138 calyce
544 2093 887 2137 reticulato—venoso,
911 2092 1064 2127 corollae
1088 2092 1189 2127 fauce
1214 2092 1475 2138 atro-violaceo,
1506 2092 1612 2127 limbo
1639 2093 1683 2126 1“
1708 2093 1768 2128 lat.
1795 2093 1889 2129 luteo

190 2139 557 2184 violaceo-reticulato,
583 2139 792 2174 staminibus
818 2140 976 2183 exsertis,
1001 2139 1160 2173 antheris
1186 2138 1325 2173 albidis.

308 2197 351 2232 In
386 2197 579 2241 ruderatis,
617 2197 691 2232 solo
728 2197 849 2241 pingui
885 2197 1087 2241 hortorum,
1125 2195 1170 2230 ad
1201 2195 1275 2230 vias
1309 2200 1345 2230 et
1369 2206 1470 2240 sepes
1495 2195 1649 2239 regionis
1674 2196 1831 2231 inferior.
1857 2201 1892 2232 et

237 2250 392 2280 montan.
422 2243 619 2288 Hispaniae
653 2244 803 2286 boreal.,
838 2244 984 2278 central.
1009 2248 1044 2278 et
1068 2243 1228 2278 oriental.
1255 2242 1405 2287 passim:
1447 2243 1482 2277 in
1507 2241 1640 2277 Gallec.
1675 2244 1737 2287 (pr.
1768 2243 1803 2278 la
1827 2243 1892 2278 Co-

237 2298 339 2337 rufia,
366 2291 516 2336 PLAN.),
543 2291 663 2325 Astur.
690 2295 756 2335 (pr.
783 2290 899 2334 Gijon,
926 2290 1052 2334 DUR.),
1078 2300 1185 2333 regno
1203 2289 1347 2332 Legion.
1369 2289 1426 2333 (ad
1441 2289 1660 2324 Villafranca
1678 2289 1735 2324 del
1752 2289 1892 2333 Vierzo,

237 2338 369 2383 ΕΘΚ),
396 2343 546 2381 utraque
571 2337 665 2372 Cast.
692 2338 733 2381 (c.
759 2336 976 2382 Encinillas,
1003 2336 1268 2379 Guadarrama,
1294 2337 1491 2382 Aranjuez,
1517 2336 1675 2379 BOU'r.!,
1702 2336 1821 2382 ΕΘΗ,
1859 2337 1892 2372 S.

238 2385 350 2421 Pablo
375 2384 418 2420 de
443 2384 594 2427 Montes,
619 2384 788 2430 POURR.,
814 2395 899 2428 agro
925 2383 1081 2425 Madrit.,
1107 2383 1215 2426 CAV.,
1241 2383 1377 2424 COLM.,
1402 2383 1527 2428 CUT.),
1554 2383 1699 2419 Cantab.
1727 2384 1779 2422 (in
1803 2383 1894 2418 valle

238 2431 320 2467 fluv.
344 2431 517 2467 Bidassoa
541 2443 629 2477 cop.,
656 2431 774 2475 ΨΚ),
798 2431 958 2466 Navarra
983 2437 1018 2466 et
1041 2431 1197 2473 Aragon.
1224 2441 1339 2475 super.
1354 2430 1472 2475 (ΨΚ,
1497 2442 1549 2475 pr.
1568 2430 1741 2473 Tiermas,
1766 2429 1893 2465 LLET-

243 2486 336 2522 GET,
360 2479 397 2513 in
422 2483 524 2524 parte
548 2479 750 2522 Aragoniae
775 2478 922 2513 centrali
947 2478 1070 2521 frequ,
1096 2477 1213 2512 LOSC.
1240 2477 1402 2521 PARD.),
1429 2477 1540 2512 Catal.
1567 2477 1609 2520 (c.
1636 2477 1834 2518 Barcinon.,
1858 2477 1894 2512 in

240 2525 363 2561 Monte
386 2525 541 2570 Serrato,
567 2525 696 2569 SALV.,
721 2525 857 2570 COLM„
882 2524 983 2568 WK,
1008 2524 1136 2569 CSTA.,
1159 2535 1187 2559 c.
1214 2524 1340 2569 Berga,
1365 2524 1455 2569 Olot,
1481 2524 1612 2559 Molins
1636 2523 1678 2558 de
1704 2523 1834 2568 Segur,
1859 2525 1895 2559 in

240 2572 391 2607 vallibus
415 2572 690 2617 Pyrenaeorum,
715 2572 856 2612 CSTA.).
882 2592 925 2596 —
952 2572 987 2613 07¹
1014 2570 1221 2616 Apr.-Ju1.
1248 2572 1290 2616 (v.
1309 2571 1363 2615 v.).
1405 2571 1558 2607 »Belefio
1582 2581 1710 2614 negm«
1739 2570 1893 2616 castell„

247 2618 387 2654 »Herba
411 2618 453 2654 de
478 2619 513 2654 la
538 2629 635 2654 mare
660 2619 702 2654 de
727 2619 815 2665 Deu,
840 2618 962 2653 Herba
987 2618 1171 2653 caxalera«
1199 2618 1311 2653 Catal.

310 2675 401 2711 Hab.
428 2677 463 2711 in
488 2677 582 2712 omni
608 2676 756 2722 Europa
781 2678 868 2721 (exc.
893 2675 1104 2721 Lapponia),
1131 2675 1272 2721 Sibiria,
1297 2675 1470 2711 Caucasia
1495 2680 1530 2711 et
1552 2675 1655 2710 India
1678 2675 1825 2711 boreali.

314 2747 416 2781 2596.
463 2749 517 2781 H.
550 2749 671 2782 albus
707 2746 749 2782 L.
786 2746 867 2782 Cod.
901 2757 934 2781 n.
964 2748 1070 2781 1425!
1120 2746 1220 2781 DUN.
1247 2746 1268 2781 1.
1293 2756 1322 2780 c.
1355 2758 1389 2790 p.
1416 2746 1502 2780 5481
1551 2744 1622 2780 GR.
1649 2744 1826 2781 GODR.1.
1852 2756 1895 2789 c.,

198 2793 322 2828 RcRB.
347 2793 370 2827 1.
396 2804 424 2827 c.
449 2793 524 2828 f.1!
574 2793 702 2828 Differt
726 2805 748 2828 a
772 2793 936 2839 praeced.
962 2793 1079 2828 radice
1105 2803 1239 2837 annua,
1272 2797 1410 2827 statura
1434 2792 1586 2835 minore,
1617 2791 1710 2828 foliis
1735 2792 1895 2827 omnibus

200 2839 380 2886 petiolatis
405 2839 562 2883 oblongis
586 2841 622 2874 in
646 2841 814 2885 petiolum
839 2841 1031 2875 attenuatis
1056 2845 1116 2874 aut
1141 2840 1247 2875 etiam
1273 2839 1349 2874 basi
1374 2837 1615 2880 subcordatis,
1642 2839 1775 2874 corolla
1799 2838 1896 2874 lutea

200 2897 269 2922 non
292 2885 490 2930 reticulata,
514 2886 622 2921 fundo
644 2888 789 2922 virente.
822 2886 949 2923 Variat
973 2886 1119 2922 floribus
1144 2886 1348 2930 majoribus,
1373 2885 1527 2921 corollae
1551 2886 1653 2920 fauce
1671 2885 1896 2922 staminibus-

202 2943 268 2978 que
293 2933 570 2978 atro-purpureis
595 2933 651 2978 (H.
678 2934 790 2979 major
814 2934 931 2969 MILL.
958 2934 1063 2979 Dict.,
1090 2933 1160 2968 GR.
1187 2932 1316 2969 GODR.
1341 2933 1364 2967 l.
1390 2943 1418 2967 c.
1444 2944 1476 2977 p.
1504 2932 1617 2975 5471).

319 2990 361 3025 In
383 2989 507 3026 iisdem
531 2989 634 3037 locis,
659 2990 719 3026 ubi
743 3002 837 3037 spec
862 2991 1095 3037 praecedens,
1120 2992 1157 3026 in
1185 2991 1328 3035 regione
1351 2989 1518 3026 inferiore
1546 2989 1737 3035 Hispaniae
1760 2993 1896 3025 austra-
