1947 3296
950 121 1047 164 294

301 256 335 278 a.
361 241 902 286 racemoso-paniculata.
941 240 1088 277 floribus
1123 245 1184 275 aut
1219 241 1255 274 in
1292 250 1470 274 racemum
1504 239 1761 275 subsecundum
1795 246 1858 276 aut

365 289 415 332 (in
447 289 571 333 planta
603 289 702 333 apice
735 288 887 331 ramosa)
922 287 957 321 in
991 287 1191 333 paniculam
1223 297 1242 321 e
1275 287 1422 322 racemis
1448 287 1611 322 brevibus
1636 291 1855 322 constantem

361 335 560 380 dispositis,
593 335 790 379 pedunculo
822 335 969 372 (rectius
1003 334 1150 377 ramulo)
1185 333 1298 379 calyci
1331 334 1607 378 subaequilongo
1638 334 1856 370 bracteolato

367 381 530 417 suffultis.
579 381 718 426 Calycis
743 382 848 416 tubus
873 381 984 416 laevis
1009 385 1070 415 aut
1094 381 1129 414 in
1154 380 1262 415 sulcis
1283 390 1395 425 pauce
1420 381 1679 416 verruculosus.

307 431 344 472 β.
368 429 766 474 cymoso-spicata‚
791 427 939 462 floribus
965 437 1065 462 secus
1090 426 1202 461 caulis
1227 432 1366 472 partem
1392 428 1607 472 superiorem
1631 439 1661 462 v.
1679 437 1795 462 ramos
1819 427 1855 461 in

361 486 481 521 cymas
505 474 728 511 subtrifloras
749 475 894 509 bractea
911 473 1074 508 suffultas
1095 473 1285 518 adpressas
1307 473 1501 519 dispositis,
1519 474 1662 510 summis
1679 474 1859 517 solitariis,

363 523 522 558 omnibus
552 522 706 556 breviter
740 520 995 565 pedunculatis.
1052 519 1192 564 Calycis
1228 521 1333 556 tubus
1372 521 1512 565 saepius
1546 520 1592 556 ad
1627 521 1743 556 sulcos
1777 520 1857 565 plus

365 569 479 604 minus
503 569 749 603 vex-ruculosus
781 567 831 611 (C.
865 566 1090 602 verruculosa
1113 567 1186 602 LK.
1210 567 1367 602 HFFGG.
1393 568 1415 602 l.
1440 579 1468 602 c.
1503 573 1527 602 t.
1553 567 1648 611 SM),
1682 577 1765 601 raro
1797 578 1859 601 nu-

365 615 440 650 dus.
467 635 509 640 —
536 615 633 649 Inter
666 620 850 657 utrumque
885 619 1007 659 typum
1044 614 1164 648 variae
1199 615 1428 658 observantur
1450 614 1584 649 formae
1618 613 1859 659 intermediae,

366 662 485 707 calyce
508 660 610 695 modo
634 660 726 694 nudo
750 658 853 695 modo
877 660 1113 696 ven-uculoso.

251 708 308 743 Ad
333 718 454 753 sepes,
486 708 522 741 in
552 707 767 751 nemoribus,
800 707 990 750 silvaticis,
1021 706 1173 742 dumetis
1198 706 1351 749 regionis
1375 706 1532 741 inferior.
1559 711 1595 741 et
1619 711 1772 741 montan.
1798 716 1862 751 per

205 766 343 790 omnem
376 755 601 798 Hispaniam,
639 756 676 795 β.
703 754 894 799 praecipue
927 754 964 788 in
1001 764 1108 798 regno
1134 753 1282 788 Granat.
1319 754 1361 798 (v.
1388 765 1416 788 c.
1452 754 1489 788 in
1520 763 1606 796 agro
1629 753 1860 798 Malacitano,

208 800 395 882 Sierrahtlle
420 801 541 881 Mijjstsi
566 800 598 835 S.
625 799 790 845 Nevada,
816 801 878 836 int.
905 800 1090 845 Estepona
1113 806 1149 836 et
1173 800 1353 835 Mai-bella
1377 806 1460 844 etc.,
1485 800 1590 845 BSS.,
1617 800 1718 845 WK„
1744 799 1860 844 FK.!).

209 868 252 873 -
280 853 306 888 (ζ
376 847 477 891 ajo—
506 859 551 881 u.
578 854 622 884 (v.
647 847 704 890 v.).

255 894 346 929 Hab.
372 895 407 928 in
432 894 525 929 omni
550 893 623 928 fere
648 892 791 938 Europa
818 903 893 928 exc.
919 892 1100 937 Scandin.,
1125 892 1236 938 Scor,
1263 891 1421 938 Hibern.,
1447 892 1550 928 Ross.
1575 892 1723 935 boreali,
1747 892 1863 936 Cauc.,

209 951 297 977 zona
320 940 590 975 mediterranea.

272 1068 310 1090 **
344 1069 468 1103 caulis
493 1071 633 1102 alterne
660 1078 839 1110 ramosus,
866 1069 1049 1101 interdum
1075 1068 1366 1110 rwwsiasfflms,
1394 1067 1508 1100 ramis
1532 1067 1756 1107 dichotomis,

458 1126 610 1170 floribus
636 1126 889 1159 terminalibus
915 1131 948 1158 et
973 1126 1136 1158 alaribus
1160 1126 1373 1168 incompleta
1399 1126 1567 1168 cymosis.

258 1218 359 1252 1976.
409 1219 450 1252 C.
478 1218 626 1259 patula
651 1216 691 1251 L.
724 1215 805 1250 Cod.
832 1227 865 1250 n.
893 1217 1003 1251 1299!
1052 1215 1094 1250 R.
1122 1214 1211 1250 Son.
1237 1215 1329 1261 Syst.
1355 1215 1398 1261 V,
1431 1228 1464 1261 p.
1493 1218 1579 1251 103!
1630 1216 1725 1251 CAV.
1751 1216 1867 1251 Prael.

167 1275 199 1299 n.
226 1265 294 1300 298
320 1269 356 1299 et
379 1263 484 1299 Anal.
512 1263 553 1298 de
580 1264 687 1298 cienc.
722 1268 793 1298 nat.
821 1263 895 1308 111,
931 1275 965 1308 p.
993 1264 1058 1298 20!
1109 1262 1180 1297 GR.
1206 1262 1335 1297 GODR.
1365 1262 1386 1297 l.
1413 1274 1441 1298 c.
1472 1275 1505 1308 p.
1531 1265 1617 1298 420!
1667 1263 1792 1298 RCHB.
1820 1263 1866 1297 Ic.

168 1311 190 1346 l.
214 1323 244 1347 c.
281 1317 306 1347 t.
333 1313 417 1345 253!
468 1310 517 1354 (C.
543 1310 754 1344 bellidifolia
778 1309 878 1344 LAP.
903 1316 994 1345 teste
1019 1309 1090 1344 DC.
1116 1309 1239 1344 Prodr.
1264 1311 1286 1344 l.
1313 1321 1341 1345 c.
1366 1322 1399 1354 p.
1417 1311 1529 1346 4801).
1578 1309 1742 1347 Gracilis.
1768 1310 1869 1344 caule

166 1364 284 1394 erecto
309 1370 340 1393 v.
357 1357 594 1392 adscendente
619 1356 790 1401 ¹l2--2¹s²‘
803 1357 824 1391 1.
850 1357 1027 1400 angulato,
1051 1356 1097 1391 ad
1121 1356 1268 1400 angulos
1285 1362 1480 1391 retrorsum
1498 1358 1634 1401 scabro,
1660 1357 1739 1391 basi
1762 1366 1869 1402 saepe

167 1405 399 1450 pubescente,
431 1405 754 1449 patenti-ramoso,
789 1404 896 1438 ramis
922 1403 1199 1438 subdichotomis
1224 1403 1455 1447 paniculatis;
1487 1404 1580 1438 foliis
1605 1403 1785 1448 puberulis
1810 1408 1871 1439 aut

168 1452 301 1496 glabris
326 1456 361 1486 et
384 1451 542 1493 margine
568 1451 713 1495 scabris,
739 1451 892 1485 crenatis
918 1462 947 1485 v.
966 1450 1190 1494 subintegris,
1216 1450 1345 1485 infimis
1371 1450 1539 1486 rosulatis
1566 1452 1730 1486 obovato-
1754 1463 1784 1485 v,
1809 1451 1869 1485 ob-

169 1497 508 1542 longo-lanceolatis
533 1498 568 1531 in
594 1498 760 1542 petiolum
786 1498 920 1532 alatum
946 1497 1157 1538 attenuatis,
1183 1497 1312 1532 ceteris
1337 1497 1700 1532 lineari-lanceolatis
1727 1497 1870 1532 summis

169 1545 379 1590 linearibus,
411 1544 638 1579 inferioribus
667 1543 769 1579 valde
800 1544 996 1579 attenuatis
1026 1544 1154 1578 ceteris
1186 1544 1262 1578 basi
1287 1544 1359 1578 lata
1386 1545 1584 1580 sessilibus:
1618 1543 1765 1579 floribus
1791 1544 1872 1579 soli-

169 1593 267 1628 tariis
292 1591 535 1627 terminalibus
560 1591 787 1634 alaribusque
812 1591 951 1633 erectis,
978 1590 1222 1625 terminalibus
1247 1589 1445 1635 pedunculo
1471 1602 1590 1626 crasso
1616 1591 1727 1636 nudo,
1764 1590 1870 1625 alari-

168 1641 302 1683 busque
327 1637 521 1682 pedunculo
546 1638 731 1681 graciliore
756 1637 913 1681 longiore
938 1636 982 1672 ad
1008 1636 1160 1671 medium
1185 1637 1440 1672 bibracteolato
1466 1637 1639 1682 suffultis;
1665 1637 1798 1682 calycis
1822 1637 1873 1671 la-

169 1686 270 1721 ciniis
294 1690 444 1728 anguste
472 1683 835 1719 lineari—lanceolatis
860 1684 937 1718 basi
970 1694 1075 1728 saepe
1109 1695 1176 1718 uno
1209 1684 1364 1719 alterove
1389 1683 1494 1719 dente
1519 1685 1701 1720 instructis
1727 1684 1871 1728 glabris,

170 1733 252 1768 tubo
286 1731 451 1767 obconico
488 1731 594 1775 paulo
629 1731 863 1774 longioribus,
901 1730 1033 1765 corolla
1064 1730 1666 1776 infundibuliformi-campanulata
1699 1730 1872 1776 profunde

172 1779 290 1815 5-loba
314 1778 466 1813 8—12“¹
490 1778 512 1812 l.
539 1778 681 1812 lilacina
706 1778 829 1821 glabra
854 1777 960 1821 duplo
986 1777 1216 1821 brevioribus,
1246 1777 1334 1813 lobis
1360 1777 1512 1813 corollae
1537 1778 1650 1813 ovatis
1674 1783 1873 1812 recurvato-

172 1825 438 1871 patentissimis,
465 1825 556 1869 stylo
581 1825 727 1859 incluso.
759 1844 793 1847 —
823 1823 938 1858 Radix
962 1824 1105 1867 gracilis
1130 1824 1306 1867 elongata.

315 1874 352 1914 β.
380 1870 603 1915 calycina,
622 1871 754 1915 calycis
770 1871 909 1906 laciniis
928 1871 1258 1915 lineari-subtilatis,
1273 1871 1347 1914 jam
1366 1870 1429 1905 sub
1448 1870 1588 1905 anthesi
1605 1871 1690 1906 tubo
1704 1870 1874 1913 4—-5-p10

376 1917 609 1960 longioribus,
639 1917 773 1952 corolla
803 1917 946 1952 dimidio
978 1929 1007 1951 ν.
1041 1918 1170 1952 triente
1202 1917 1433 1958 brevioribus,
1473 1923 1551 1961 post
1584 1917 1749 1952 anthesin
1773 1916 1874 1951 valde

377 1964 551 2006 elongatis
574 1963 728 1999 reflexis.
777 1964 904 1999 Variat
927 1965 1012 2000 tubo
1035 1964 1167 2009 calycis
1192 1964 1314 2008 glabro
1340 1969 1375 1998 et
1401 1964 1508 1999 dense
1525 1964 1776 2008 eleganterque
1799 1972 1875 1997 ver·
1896 1989 1898 1992 >

379 2011 551 2045 ruculoso.

264 2056 306 2090 In
330 2057 463 2101 pratis,
489 2055 699 2099 graminosis
724 2056 877 2098 regionis
902 2055 1057 2090 inferior.
1082 2061 1118 2090 et
1142 2061 1295 2090 montan.
1321 2056 1517 2100 Hispaniae
1542 2055 1695 2096 boreaL,
1729 2055 1874 2090 central.

219 2108 255 2138 et
278 2103 438 2138 oriental.
464 2103 612 2146 passim:
639 2103 675 2136 in
700 2101 832 2137 Gallec.
860 2101 1010 2146 (PLAN.,
1036 2102 1165 2145 ΒΘΗ),
1192 2103 1312 2137 Astur.
1340 2104 1406 2146 (pr.
1427 2103 1548 2143 Tineo,
1575 2103 1700 2146 ΒΗΚ),
1726 2102 1872 2137 Cantab.

217 2155 262 2187 (c.
288 2149 430 2193 Bilbao,
456 2148 570 2191 Leia,
598 2148 748 2190 Orozco,
775 2148 808 2182 S.
835 2148 1040 2193 Sebastiam,
1073 2148 1178 2193 Irun,
1207 2148 1323 2191 ΨΚ),
1357 2149 1450 2183 Cast.
1478 2160 1564 2184 nova
1597 2156 1642 2187 (c.
1668 2149 1874 2189 Madritum,

222 2197 337 2239 CAV„
372 2195 522 2230 RoDR..
557 2196 717 2238 BonT.!,
747 2194 815 2228 San
840 2195 950 2229 Pablo
976 2194 1019 2229 de
1043 2200 1194 2231 montes.
1227 2195 1381 2229 Pomm.
1407 2201 1497 2230 teste
1523 2196 1653 2239 Len),
1679 2195 1790 2230 Catal.
1817 2195 1875 2239 (ad

220 2243 254 2278 S.
278 2242 373 2277 Juan
397 2242 453 2276 del
479 2242 606 2287 Herm,
639 2242 675 2275 in
699 2241 790 2275 valle
816 2241 858 2275 de
878 2241 996 2285 Aran,
1024 2241 1194 2285 CSTA.?);
1221 2262 1263 2266 —
1291 2242 1327 2282 β.
1353 2242 1388 2275 in
1415 2242 1560 2276 Cantab.
1589 2242 1649 2276 (ad
1675 2252 1777 2286 sepes
1802 2252 1877 2275 um-

218 2290 342 2325 brosas
366 2300 419 2333 pr.
445 2288 529 2322 Irun
554 2294 590 2323 et
613 2288 709 2331 alibi,
736 2287 854 2326 WK.).
887 2307 927 2312 —
956 2288 983 2327 ό
1011 2288 1254 2332 Majo—Julio
1281 2292 1322 2332 (v.
1348 2288 1404 2331 v).

266 2336 357 2370 Hab.
383 2346 475 2380 spec.
501 2336 536 2369 in
560 2334 665 2377 Gall„
690 2334 806 2377 Angl,
831 2333 974 2378 Scand.,
1001 2334 1148 2379 Europa
1170 2335 1279 2379 med,
1305 2334 1385 2369 Ital.
1413 2345 1549 2379 super.,
1575 2333 1719 2379 Graec,
1745 2333 1875 2369 Rossia

222 2382 311 2417 med.
338 2387 374 2416 et
398 2381 533 2427 merid.,
558 2381 682 2416 Africa
705 2381 850 2415 boreali.

221 2440 392 2476 Observ.
443 2440 492 2474 Cl.
518 2439 648 2473 WEBB
681 2438 718 2472 in
743 2439 817 2473 itin.
852 2438 991 2483 hispan.
1030 2439 1123 2473 hanc
1156 2439 1309 2484 speciem
1339 2440 1374 2473 in
1411 2438 1531 2473 Sierra
1555 2437 1702 2472 Nevada
1731 2437 1876 2482 indicat,

383 2486 445 2521 sed
480 2497 587 2530 quum
620 2495 731 2529 neque
765 2495 786 2518 a
820 2485 861 2519 cl.
888 2485 1080 2520 BOISSIER
1113 2496 1225 2529 neque
1255 2487 1300 2520 ab
1337 2485 1417 2520 aliis
1455 2485 1779 2530 peregrinatoribus
1816 2484 1876 2519 bo-

383 2533 521 2575 tanicis,
546 2532 603 2577 qui
633 2537 785 2567 montem
815 2531 913 2566 illum
937 2532 1218 2576 exploraverunt,
1245 2532 1280 2566 C.
1300 2533 1424 2576 patula
1448 2533 1634 2567 observata
1662 2532 1719 2571 sit,
1743 2541 1877 2573 vereor,

384 2580 467 2623 quin
500 2580 542 2614 cl.
567 2578 697 2612 WEBB
729 2579 820 2613 hanc
852 2579 1003 2623 speciem
1039 2590 1117 2612 cum
1148 2578 1235 2621 alia,
1277 2579 1430 2614 fortasse
1461 2578 1496 2613 C.
1528 2577 1732 2621 Loefflingii
1766 2577 1879 2612 forma

385 2625 535 2669 quadam
566 2625 840 2660 commutaverit.
891 2624 1004 2670 Stirps
1030 2635 1051 2658 a
1086 2625 1127 2659 cl.
1155 2625 1271 2660 CSTA.
1305 2626 1339 2659 in
1374 2625 1464 2660 valle
1490 2624 1533 2659 de
1558 2624 1657 2659 Aran
1690 2624 1878 2659 observata

384 2672 619 2716 probabiliter
642 2671 686 2706 ad
715 2672 868 2716 speciem
893 2677 1098 2715 sequentem
1123 2672 1288 2716 pertinet.

273 2751 374 2784 1977.
425 2753 467 2786 C.
495 2754 646 2787 costae
671 2752 759 2786 WK.
786 2752 838 2791 (C.
864 2752 988 2797 patula
1012 2752 1128 2787 CSTA.
1154 2752 1207 2786 Pl.
1226 2751 1330 2787 catal.
1357 2762 1428 2786 exs.
1454 2762 1487 2785 n.
1508 2752 1576 2785 120
1601 2751 1670 2785 bis!
1697 2749 1751 2784 Fl.
1770 2749 1874 2784 catal.

180 2809 211 2841 p.
239 2798 306 2831 163
331 2807 374 2831 ex
399 2809 432 2842 p.
447 2799 487 2838 9).
537 2799 663 2832 Differt
695 2809 717 2832 a
747 2798 910 2843 praeced.
941 2800 1132 2844 praecipue
1165 2799 1304 2834 laciniis
1334 2798 1503 2843 calycinis
1529 2796 1879 2831 lineari-lanceolatis

181 2843 242 2887 (eis
269 2843 304 2877 C.
331 2844 471 2887 patulae
497 2846 666 2887 genuinae
692 2845 799 2890 duplo
824 2845 1035 2889 latioribus),
1061 2856 1082 2880 a
1106 2846 1183 2880 basi
1207 2845 1251 2880 ad
1278 2845 1413 2889 apicem
1438 2844 1512 2877 fere
1537 2843 1707 2888 adpresse
1733 2842 1878 2876 serratis

180 2890 308 2934 pagina
336 2890 502 2925 interiore
535 2892 809 2935 pubescentibus
835 2893 1010 2927 exteriore
1041 2892 1192 2935 glabris,
1225 2892 1310 2926 tubo
1336 2891 1483 2925 obovato
1517 2890 1580 2924 sub
1606 2889 1746 2923 anthesi
1780 2888 1879 2932 4-plo

181 2936 415 2980 longioribus,
460 2938 592 2972 corolla
623 2939 767 2971 4—5¹‘¹
791 2939 812 2972 l.
848 2944 885 2973 ut
924 2938 1062 2973 videtur
1095 2939 1260 2973 coerulea
1290 2937 1421 2981 calycis
1451 2935 1600 2970 lacinias
1639 2936 1881 2978 subaequante

181 2994 209 3017 v.
240 2983 291 3017 eis
324 2983 429 3027 paulo
460 2983 636 3023 breviore,
665 2984 755 3018 lobis
787 2985 969 3028 porrectis.
1008 3004 1051 3009 —
1089 2985 1217 3019 Planta
1249 2983 1425 3018 robustior
1456 2981 1537 3016 inde
1573 2992 1595 3016 a
1631 2981 1709 3017 basi
1743 2982 1880 3015 alterne

180 3039 329 3074 ramosa,
355 3029 455 3064 caule
478 3030 586 3065 ramis
610 3030 772 3074 foliisque
796 3031 1052 3075 praecedentis.
1100 3031 1225 3066 Flores
1249 3030 1390 3064 brevius
1410 3028 1637 3073 pedunculati
1655 3028 1802 3071 ideoque
1827 3027 1877 3061 in-
