1947 3296
895 103 990 148 325

135 226 218 261 dum
248 225 440 270 specimina
472 225 508 259 in
541 225 639 260 herb.
667 223 824 259 WILLK.
859 229 1044 260 asservata
1078 235 1169 268 quae
1201 225 1407 260 examinavi.
1456 225 1555 260 Haec
1591 226 1724 270 forma,
1759 227 1794 261 in

137 273 368 308 Catalauniae
392 271 560 307 montosis
586 271 765 306 sterilibus
800 272 892 306 lecta
922 271 1178 312 (Vallvidrera,
1211 271 1243 305 S.
1270 272 1385 317 Medi,
1419 272 1452 306 S.
1479 272 1621 317 Jeroni,
1654 273 1792 309 CSTA.!

136 320 316 364 Puigaltet
339 330 391 364 pr.
411 319 514 354 Prats
539 318 582 353 de
608 318 700 364 Rey,
725 319 946 360 PUIGGARI)
971 319 1120 354 ulterius
1146 324 1264 354 tamen
1289 319 1525 354 examinanda
1549 325 1584 354 et
1609 320 1749 355 cultura
1774 331 1793 355 e

137 367 330 403 seminibus
353 365 536 411 probanda
562 370 626 400 est.

136 463 232 495 sect.
267 460 363 495 VIII.
394 460 680 501 Euaparine.
730 458 873 493 Hei-bae
899 469 1036 493 annuae
1063 459 1237 503 elatiores,
1264 458 1422 494 caulibus
1441 459 1667 494 scaberrimis
1694 470 1793 494 scan-

293 504 427 540 dentes.
475 505 601 541 Flores
626 506 662 540 in
686 506 796 551 cymis
821 506 1032 541 axillaribus
1069 506 1226 552 (saepius
1252 506 1401 541 invicem
1425 506 1585 547 remotis>
1616 506 1792 552 dispositi.

189 598 209 620 '¹‘
241 597 368 633 Rami
401 598 626 634 axillares
659 599 879 645 cymigeri
909 599 1035 634 foliis
1068 599 1204 635 multo
1238 599 1486 644 longiores,
1519 599 1698 635 fructus

748 646 891 691 pilosi
915 658 945 681 v.
972 646 1128 690 glabri.

180 728 283 761 2056.
332 728 378 761 G.
404 729 593 768 Aparine
629 726 669 762 L.
697 727 779 763 Cod.
811 729 903 764 882!
953 728 1081 763 GREN.
1114 733 1149 763 et
1182 727 1312 762 GODR.
1347 727 1369 761 l.
1396 738 1425 762 c.
1458 739 1492 772 p.
1519 728 1580 762 44!
1631 726 1683 761 Fl.
1711 726 1790 761 dan.

85 775 158 810 tab.
184 775 271 809 495!
323 773 435 809 COSS.
461 778 495 809 et
521 773 652 809 GERM.
679 774 700 809 l.
727 786 755 810 c.
782 776 853 810 tab.
882 777 937 817 23,
963 776 995 809 D
1023 777 1131 810 1—2!
1182 773 1306 809 RCHB.
1333 774 1356 808 l.
1383 785 1411 809 c.
1437 775 1508 809 tab.
1537 775 1640 818 1197,
1666 773 1724 818 fig.
1753 776 1788 808 1!

87 822 262 867 <Aparine
287 821 444 864 vulgaris
472 821 508 855 C.
526 821 665 865 BAUH.,
692 821 817 864 QUER,
845 822 899 857 Fl.
926 833 998 867 esp.
1023 823 1094 857 tab.
1115 821 1187 865 15!)
1229 821 1336 856 Caule
1361 822 1516 861 robusto,
1543 820 1605 856 sed
1629 820 1790 866 flaccido,

88 871 188 903 1-3¹
216 869 254 913 l.,
281 868 449 902 aculeolis
475 869 683 903 retroversis
709 870 833 904 scabro
859 875 894 905 et
918 869 998 904 ideo
1024 868 1232 908 scandente.
1269 874 1370 903 acute
1397 868 1658 912 quadrangulo,
1694 868 1789 903 foliis

84 917 121 950 in
144 915 326 950 verticillis
352 916 462 959 6-9,
497 915 704 950 lanceolatis
728 928 758 950 V.
785 915 1038 961 (inferioribus)
1071 915 1472 959 obovato-lanceolatis,
1504 925 1612 960 supra
1634 914 1788 949 medium

84 963 288 1005 latioribus,
326 962 559 1001 mucronatis,
593 963 749 1006 margine
784 973 960 1007 nervoque
986 963 1119 997 dorsali
1144 962 1277 997 aculeis
1302 963 1455 997 reversis
1486 962 1640 1005 scabris,
1680 974 1788 1006 supra

85 1010 254 1055 hispidis:
289 1008 396 1043 ramis
421 1009 626 1044 axillaribus
653 1011 921 1054 erecto-patulis
952 1023 980 1044 V.
1007 1010 1286 1053 divergentibus,
1322 1008 1543 1055 paucifioris,
1579 1009 1789 1053 simpliciter

83 1057 234 1103 cymosis
259 1068 290 1090 V.
315 1055 466 1100 repetito
493 1057 790 1102 2—-3-chot01nis,
825 1057 1011 1102 pedicellis
1034 1057 1227 1091 fructiferis
1253 1056 1474 1099 divaricatis,
1500 1057 1608 1091 rectis
1630 1068 1660 1090 v.
1685 1056 1787 1101 apice

84 1105 209 1139 leviter
237 1102 434 1148 inclinatis:
472 1103 603 1137 corolla
627 1104 710 1138 alba
734 1116 762 1138 v.
790 1104 930 1139 sordide
954 1103 1157 1149 pallideque
1181 1103 1331 1149 luteola,
1362 1104 1535 1138 fructibus
1570 1103 1787 1148 majusculis,

83 1151 248 1195 globosis,
274 1149 355 1195 pilis
373 1149 610 1193 glochidiatis,
636 1151 713 1186 basi
738 1151 990 1195 glanduligeris
1016 1151 1123 1185 dense
1147 1151 1296 1186 vestitis.

224 1210 262 1245 β.
288 1213 489 1243 tenerum
513 1207 642 1252 KOCH,
668 1209 749 1254 Syn.
775 1209 808 1253 Ι,
840 1222 873 1254 p.
901 1211 985 1245 362!
1036 1209 1162 1244 Rcffss.
1188 1209 1210 1244 l.
1236 1221 1264 1243 c.
1290 1221 1322 1253 p.
1351 1209 1412 1247 94,
1442 1208 1514 1242 tab.
1542 1208 1643 1245 1197,
1668 1206 1726 1251 fig.
1745 1209 1782 1242 4!

292 1254 351 1297 (G.
381 1260 542 1289 tenerum
578 1255 793 1291 SCHLEICH.
818 1259 853 1291 in
879 1256 1007 1291 GAUD.
1034 1257 1088 1291 Fl.
1116 1256 1214 1291 Helv.
1240 1256 1274 1297 I,
1314 1267 1345 1300 p.
1374 1257 1459 1299 4423
1493 1254 1535 1288 G.
1563 1255 1724 1299 spurium
1747 1267 1782 1298 χ.

292 1307 452 1336 tenerum
471 1302 600 1337 GREN.
626 1308 662 1338 et
686 1303 816 1338 GODR.
852 1304 874 1339 1.
901 1306 967 1339 c.!›
1019 1303 1126 1338 Caule
1150 1303 1357 1346 tenerrimo,
1382 1301 1548 1345 flaccido,
1579 1300 1785 1337 internodiis

291 1349 480 1395 elongatis,
512 1349 606 1385 foliis
631 1350 836 1396 latioribus,
869 1351 1043 1393 obovatis,
1077 1351 1185 1386 ramis
1209 1349 1431 1396 paucifloris,
1458 1359 1564 1394 saepe
1589 1348 1635 1383 ad
1659 1347 1784 1384 florem

291 1396 489 1431 solitarium
513 1396 615 1440 longe
644 1397 918 1442 pedunculatum
943 1397 1110 1433 reductis.

175 1454 232 1489 Ad
263 1464 364 1499 sepes
398 1460 433 1489 et
457 1455 493 1488 in
517 1454 686 1501 dumetis,
717 1466 780 1501 per
815 1461 924 1491 totam
949 1456 1160 1500 Hispaniam
1192 1455 1274 1489 hinc
1305 1454 1385 1489 inde
1410 1454 1587 1497 frequens.
1612 1473 1657 1477 —
1683 1453 1722 1494 β.
1747 1453 1784 1487 in

129 1501 265 1537 fissuris
302 1503 442 1546 rupium
468 1502 554 1537 locis
579 1503 754 1539 umbrosis
778 1504 815 1538 in
840 1504 962 1538 Monte
987 1503 1131 1538 Mazota
1156 1513 1263 1547 supra
1302 1501 1465 1537 Escorial
1490 1500 1639 1536 (LGE.!)
1666 1520 1711 1525 —
1741 1504 1782 1542 O

128 1548 356 1593 dun—Sept.
382 1549 425 1592 (V.
442 1554 489 1587 V.)
532 1550 661 1584 »Amor
687 1550 743 1585 del
769 1551 965 1596 hortelano,
990 1550 1140 1591 Rebola,
1160 1550 1382 1595 Apegaloso«
1401 1548 1554 1593 castell„
1573 1547 1783 1592 »Apegalos,

128 1596 241 1630 herba
265 1595 307 1630 de
332 1595 493 1630 Gallina«
522 1596 634 1631 Catal.

174 1643 266 1678 Hab.
290 1643 326 1677 in
350 1642 497 1689 Europa
521 1648 604 1679 tota.

175 1725 277 1759 2057.
328 1726 374 1759 G.
402 1727 596 1766 spurium
620 1724 661 1760 L.
688 1725 877 1760 C0<1.865!
919 1724 1048 1760 GREN.
1074 1729 1109 1760 et
1126 1723 1255 1759 GODR.
1281 1724 1303 1759 l.
1322 1735 1349 1758 c.
1375 1735 1408 1768 p.
1428 1723 1472 1756 94
1499 1721 1599 1766 (excl.
1625 1732 1698 1756 var.
1718 1721 1779 1764 y.)!

82 1771 263 1806 CUTAND.
295 1771 316 1805 l.
343 1783 371 1806 c.
408 1784 442 1816 p.
470 1773 554 1807 358!
604 1772 734 1807 Differt
759 1783 780 1806 a
804 1772 1039 1817 praecedente
1071 1772 1173 1806 caule
1207 1771 1402 1810 teneriore,
1435 1769 1542 1804 ramis
1575 1769 1783 1802 axillaribus

79 1818 273 1863 plurifioris
297 1819 480 1862 magisque
505 1820 672 1859 ramosis,
704 1819 800 1854 foliis
834 1825 981 1861 anguste
1006 1818 1445 1861 lanceolato-l.nearibus,
1481 1816 1614 1851 corolla
1638 1815 1782 1859 minore,

80 1865 291 1900 ochroleuca
315 1877 344 1899 V.
371 1865 622 1908 viridi-lutea,
655 1866 829 1900 fructibus
855 1868 969 1900 2—3-
978 1866 1037 1911 plo
1062 1866 1273 1911 minoribus,
1309 1864 1442 1909 glabris
1474 1875 1504 1897 V.
1530 1863 1615 1908 pilis
1640 1862 1782 1907 saepius

80 1913 185 1947 rectis
210 1913 287 1947 basi
311 1923 379 1946 non
404 1912 659 1956 glanduligeris
684 1913 831 1948 vestitis.

222 1983 257 2006 α.
287 1970 521 2014 genuinum
547 1971 675 2006 GREN.
708 1975 742 2005 et
768 1969 899 2006 GODR.
931 1971 955 2006 1.
981 1973 1026 2007 c.!
1074 1970 1130 2005 Fl.
1164 1970 1243 2005 dan.
1279 1970 1350 2005 tab.
1375 1969 1483 2003 2530!
1535 1967 1589 2013 (G.
1621 1967 1782 2012 Aparine

289 2017 450 2063 spurium
479 2018 590 2053 Coss.
617 2023 652 2053 et
676 2017 808 2052 GERM.
834 2018 857 2052 1.
885 2029 913 2053 e.
939 2018 1010 2053 tab.
1037 2020 1093 2063 23,
1119 2018 1151 2051 D
1175 2018 1282 2053 5⁴6!
1332 2017 1457 2052 chss.
1483 2015 1505 2050 1.
1533 2026 1560 2050 c.
1586 2015 1656 2050 tab.
1679 2015 1782 2059 1197,

287 2063 346 2108 fig.
365 2066 420 2105 22)
446 2064 621 2100 fructibus
646 2066 814 2109 carnosis,
838 2065 997 2101 laevibus
1023 2070 1058 2100 et
1074 2065 1225 2109 glabris:

220 2125 258 2167 β.
282 2122 520 2158 Vaillantii
545 2123 674 2158 GREN.
702 2128 736 2157 et
762 2122 892 2158 GODR.
923 2123 944 2157 l.
971 2125 1016 2158 c.!
1067 2122 1125 2160 (G.
1151 2121 1336 2158 Vaillantii
1361 2120 1431 2155 DC.
1457 2119 1513 2154 Fl.
1538 2119 1580 2154 fr.
1606 2119 1668 2165 IV,
1695 2120 1780 2154 263!

290 2168 331 2204 G.
365 2169 523 2214 Aparine
539 2170 744 2205 -Vaillantii
776 2170 887 2206 Coss.
914 2175 950 2206 et
975 2169 1106 2204 GERM.
1132 2170 1156 2205 l.
1182 2182 1210 2205 c.
1243 2168 1301 2212 fig.
1326 2169 1359 2202 D
1378 2169 1503 2202 3—-42
1553 2166 1677 2202 RCHB.
1702 2166 1723 2200 l.
1752 2177 1780 2201 c.

288 2216 346 2260 fig.
374 2219 409 2252 3!
460 2217 500 2253 G.
526 2217 694 2253 infestum
719 2217 777 2252 W.
804 2217 835 2252 ἀ
859 2217 903 2252 Κ.
935 2217 991 2252 Fl.
1024 2218 1131 2260 hung.
1156 2217 1230 2261 III,
1263 2217 1333 2251 tab.
1360 2215 1460 2259 2021)
1496 2213 1668 2249 fructibus
1699 2213 1782 2258 pilis

287 2263 394 2299 rectis
422 2264 499 2299 basi
524 2276 592 2299 non
617 2264 872 2308 glancluligeris
897 2264 1045 2299 vestitis.

173 2309 271 2344 Inter
295 2316 433 2354 segetes
459 2312 642 2356 (imprimis
667 2311 832 2355 Linum),
862 2312 977 2346 rarius
1002 2312 1037 2345 in
1063 2310 1245 2354 glareosis.
1297 2309 1465 2344 Formam
1491 2320 1515 2341 α
1540 2317 1583 2341 ex
1608 2306 1782 2352 Hispania

81 2367 151 2391 nou
175 2357 263 2401 Vidi;
293 2378 328 2382 —
359 2358 396 2403 β.
422 2369 474 2402 pr.
501 2359 533 2393 el
558 2358 721 2394 Escorial
748 2357 908 2403 (LGE.!).
934 2378 979 2383 -—
1005 2361 1044 2400 Θ
1069 2356 1272 2392 Jun.——Jul.
1300 2357 1342 2401 (V.
1365 2362 1410 2395 V.)

173 2403 264 2439 Hah.
289 2403 326 2438 in
351 2405 457 2448 Gall,
482 2405 581 2449 Brit,
608 2405 742 2450 Europ.
767 2405 871 2451 med,
896 2405 965 2440 Ital
992 2405 1185 2450 superiore.

175 2485 193 2506 *
219 2487 320 2521 2058.
371 2489 419 2522 G.
445 2489 691 2528 Aparinella
715 2486 813 2521 LGE.
838 2486 914 2521 Ind.
941 2496 1025 2522 sem.
1051 2485 1144 2519 hort.
1163 2484 1278 2518 Haun.
1307 2483 1407 2523 1854,
1432 2493 1465 2526 p.
1488 2482 1551 2516 24!
1600 2480 1781 2516 CUTAND.

81 2533 103 2567 l.
130 2543 158 2567 c.
196 2545 229 2577 p.
256 2534 340 2568 358!
389 2533 518 2569 Differt
543 2544 564 2568 a
587 2534 822 2579 praecedente
848 2533 1009 2569 caulibus
1033 2531 1281 2567 humilioribus
1313 2534 1348 2563 et
1379 2528 1641 2572 gracilioribus,
1672 2528 1782 2563 ramis

80 2579 308 2623 brevioribus,
334 2581 485 2619 tenellis,
509 2581 606 2616 foliis
630 2581 838 2625 minoribus,
865 2580 1134 2615 sublinearibus.
1160 2577 1318 2619 margine
1343 2585 1519 2619 nervoque
1545 2574 1676 2610 dorsali
1701 2586 1782 2609 acu-

79 2626 465 2672 leolato-scaberrimis,
490 2627 624 2662 corolla
646 2628 802 2671 minima,
826 2628 1057 2671 ochroleuca,
1082 2626 1171 2661 lobis
1197 2624 1297 2669 apice
1322 2621 1451 2658 inflexo
1476 2623 1628 2657 breviter
1651 2622 1782 2657 acumi-

79 2674 189 2716 natis,
216 2673 389 2709 fructibus
414 2675 494 2719 plus
517 2674 623 2719 duplo
649 2674 843 2710 minoribus
873 2679 925 2719 et,
955 2674 1030 2708 fere
1054 2678 1094 2707 ut
1117 2673 1155 2706 in
1180 2671 1221 2705 G.
1247 2670 1418 2715 Aparine,
1444 2669 1529 2715 pilis
1553 2668 1781 2712 glochidiatis

78 2721 155 2757 basi
180 2720 435 2765 glanduligeris
460 2721 609 2757 vestitis.

173 2767 271 2802 Inter
297 2768 496 2804 suffrufices
523 2768 596 2804 solo
620 2768 782 2803 calcareo
807 2767 984 2803 Castellae
1009 2775 1117 2800 novae
1144 2763 1253 2808 (circa
1277 2762 1466 2807 Aranjuez,
1500 2763 1546 2796 20
1570 2761 1657 2807 Maj.
1685 2772 1712 2797 c.
1738 2761 1780 2796 fr.

127 2813 243 2850 LGE.!
270 2814 360 2850 Casa
385 2815 442 2851 del
468 2816 610 2861 Campo,
635 2814 787 2858 ΗΕΘΜ.
814 2835 858 2840 -
887 2817 928 2856 O
955 2817 999 2853 (V.
1023 2817 1071 2853 V.)
1591 2850 1597 2853 .

175 2871 351 2908 Observ.
401 2873 500 2908 Haec
526 2873 660 2919 planta,
684 2883 749 2917 per
773 2872 893 2918 plures
918 2881 1026 2905 annos
1051 2869 1087 2903 in
1111 2869 1215 2903 horto
1240 2867 1311 2903 bot.
1328 2866 1526 2902 Hauniensi
1550 2865 1657 2908 culta,
1680 2865 1781 2900 habi-

124 2923 198 2953 tum
234 2919 451 2964 peculiarem
488 2926 522 2956 et
557 2920 782 2955 characteres
819 2918 957 2953 omnino
999 2915 1160 2952 servavit.
1216 2914 1274 2949 An
1308 2913 1537 2966 nihilominus
1570 2913 1658 2947 haec
1690 2917 1725 2947 et
1758 2913 1779 2945 2

125 2966 395 3012 praecedenteS,
433 2978 502 3002 non
532 2968 696 3002 obstante
729 2965 820 3010 quod
850 2964 1010 3009 pluribus
1041 2962 1132 2998 notis
1158 2965 1193 2996 et
1217 2961 1293 2996 loco
1325 2961 1437 2996 natali
1470 2959 1651 3003 differant,
1689 2959 1778 2993 forte

127 3012 163 3046 in
188 3023 293 3047 unam
318 3013 536 3058 eandemque
561 3013 715 3059 speciem
740 3010 1004 3055 conjungendae
1029 3009 1110 3055 sint,
1135 3008 1331 3053 dijudicare
1355 3019 1425 3043 non
1447 3006 1569 3042 audeo.
