1947 3296
874 129 967 175 [421

73 250 196 296 calyce
222 249 330 295 duplo
355 249 504 295 triplove
528 249 697 296 longiore,
724 255 826 286 extus
851 250 1076 295 pubescente.
1099 274 1141 277 —
1161 253 1289 289 Variat
1313 254 1456 290 corollis
1481 255 1573 292 albis
1597 261 1633 292 et
1656 258 1778 293 roseis.

73 297 178 333 Folia
204 296 296 336 1¹l2⁴‘
313 297 336 332 1.
361 297 464 333 valde
488 298 682 333 aromatica
706 297 958 334 suaveolentia.

166 355 208 390 In
232 354 379 391 collibus
403 355 593 400 calcareis‚
626 356 829 402 gypsaceis‚
860 357 1058 399 margaceis
1081 357 1210 401 apricis
1235 358 1390 402 regionis
1415 360 1517 395 infer.
1543 366 1578 396 et
1604 361 1778 397 submont.

121 402 315 448 Hispaniae
340 403 490 443 horeat,
522 402 683 438 oriental.
710 408 745 438 et
769 403 953 439 centralis:
993 404 1030 438 in
1054 403 1188 439 Gallec.
1223 404 1264 448 (c.
1291 405 1434 449 Ferrol,
1468 406 1625 451 PLAN.),
1665 408 1777 443 Catal.

121 449 172 493 (in
195 460 292 494 prov.
317 448 539 484 Gerundensi
563 455 598 484 et
622 450 821 490 Barcinon..
845 461 873 485 c.
901 450 1073 496 Cal-dona,
1100 451 1346 495 Castellfollit,
1373 452 1558 495 Monsant,
1584 455 1619 488 in
1645 455 1778 490 ditione

118 496 228 539 Urgel
252 501 287 531 et
313 496 474 540 Segarra,
501 496 630 541 CSTA·,
655 497 692 531 in
715 507 813 542 prov.
841 497 1110 542 Tarraconensi,
1126 498 1301 543 ‘?CS'1¹A.),
1328 499 1483 542 Aragon.
1511 502 1578 545 (pr.
1605 501 1777 545 Tierines,

116 543 330 586 LLETGET,
365 543 472 578 etiam
496 543 531 577 in
556 544 767 587 inferioreP,
798 545 906 588 Ass,
946 545 1065 581 LOSC.
1090 546 1251 591 PARD.),
1287 545 1382 581 Cast.
1409 557 1498 581 nova
1524 548 1572 592 (S.
1597 548 1708 583 Pablo
1734 549 1776 583 de

115 595 263 635 montes,
288 590 445 625 POURR.
470 595 561 626 teste
586 591 715 629 LGE.).
766 591 901 626 Colitur
925 593 1033 627 etiam
1057 593 1094 627 in
1119 593 1243 629 hortis.
1269 613 1313 618 -—
1341 600 1363 630 ‘e
1389 594 1619 638 Apu—Aug.
1660 596 1706 639 (n.
1732 596 1776 639 v.)

119 637 257 673 »Salvia
281 637 377 672 real«
406 637 564 682 Castell.‚
594 638 733 673 »Salvia
757 639 869 673 bona«
898 639 1011 674 Catal.

167 695 259 731 Hab.
284 696 320 730 in
344 695 450 740 Gall,
475 695 587 742 Helv.,
613 697 706 741 Ital.,
732 698 842 743 Cors.‚
866 697 996 743 Dalm,
1021 697 1148 733 Croat..
1175 697 1380 741 Transsilv.‚
1405 698 1567 733 Graecia.

162 753 346 789 observ.
396 753 510 798 Stirps
541 755 584 789 ab
616 755 821 790 auctoribus
856 755 1052 801 hispanicis
1079 755 1112 790 S.
1138 755 1325 791 officinalis
1357 757 1498 791 nomine
1534 767 1575 790 ex
1601 755 1777 801 Hispania

115 800 434 844 austro-orientali,
469 801 619 838 australi
649 807 684 837 et
715 802 864 837 centrali
894 803 1106 838 australiore
1136 802 1282 839 laudata
1317 803 1392 839 sine
1418 803 1524 838 (lubio
1550 803 1595 838 ad
1621 803 1773 848 speciem

115 853 319 893 sequentem
343 848 508 893 pertinet.

164 918 267 953 2288.
316 919 354 952 S.
381 919 747 952 lavandulaefolia
771 918 901 954 VAHL.
926 918 1054 953 Enum.
1081 918 1114 957 Ι,
1140 931 1174 964 p.
1194 920 1280 954 222!
1331 918 1443 954 WBB.
1469 919 1514 954 It.
1538 919 1629 964 hisp.
1655 932 1687 965 p.
1709 921 1774 955 19!

69 965 119 1005 (S.
146 964 333 1000 officinalis
358 964 460 999 Auct.
494 965 603 1010 hisp,
640 965 672 999 S.
699 964 939 1010 Hispanorum
964 965 1064 1000 LAG.
1096 965 1184 1000 Gen.
1216 977 1267 1010 sp.
1299 977 1331 1000 n.
1362 968 1400 1001 7!
1450 965 1483 1001 S.
1519 967 1707 1002 officinalis
1734 968 1772 1009 β.

72 1012 258 1058 hispanica
283 1012 368 1047 BSS.
395 1012 484 1056 Voy.
517 1012 588 1047 bot.
614 1011 702 1056 Esp.
738 1024 771 1056 p.
802 1013 887 1048 481!
938 1011 970 1046 S.
996 1012 1183 1048 officinalis
1216 1014 1253 1054 β.
1279 1013 1519 1058 Hispanorum
1543 1014 1640 1048 BTH.
1676 1015 1687 1048 l
1723 1017 1772 1050 c.!

69 1059 101 1094 S.
134 1058 322 1104 hispanica
353 1058 564 1093 lavandulae
596 1058 680 1093 folio
706 1058 864 1094 TOURN.
912 1059 1030 1093 Salvia
1061 1061 1193 1095 cretica
1225 1060 1455 1103 angustifolia
1479 1060 1591 1095 CLUS.
1626 1061 1719 1097 Hist.
1746 1062 1773 1105 I,

67 1118 100 1151 p.
127 1106 244 1149 343?).
294 1104 423 1139 Differt
455 1115 476 1139 a
506 1105 671 1150 praeced.
703 1106 799 1141 foliis
830 1106 966 1149 longius
998 1107 1179 1150 petiolatis
1211 1108 1476 1151 angustioribus
1511 1108 1719 1143 lanceolatis
1742 1121 1772 1143 v.

66 1151 425 1197 oblongo-linearibus
450 1153 579 1196 acutis,
614 1153 737 1187 subtus
771 1154 1084 1188 cano-tomentosis
1115 1154 1297 1198 eleganter
1320 1154 1678 1199 reticulato-venosis,
1711 1155 1773 1190 flo-

65 1200 199 1234 ralibus
225 1199 489 1242 angustioribus
513 1199 839 1235 ovato-lanceolatis
870 1200 1082 1235 acuminatis
1114 1201 1309 1236 virentibus
1341 1202 1593 1246 calycibusque
1626 1202 1773 1245 glandu-

67 1246 358 1292 loso-punctatis,
394 1245 558 1281 dentibus
593 1247 763 1291 calycinis
796 1247 1077 1291 triangularibus
1109 1248 1146 1281 in
1170 1258 1317 1282 acumen
1343 1249 1430 1283 satis
1455 1249 1596 1293 longum
1621 1250 1772 1294 abrupte

66 1294 274 1337 contractis⁷
307 1292 453 1328 floribus
484 1293 813 1338 brevepedicellatis
838 1307 868 1329 v.
894 1295 1145 1330 subsessilibus
1176 1295 1446 1331 verticillastros
1470 1295 1597 1331 densos
1620 1296 1772 1331 forman-

65 1341 170 1385 tibus,
197 1340 331 1376 corolla
355 1341 525 1375 breviore.
552 1361 596 1366 —
621 1341 726 1375 Rami
751 1341 866 1376 stricti
891 1342 1039 1376 obscure
1064 1342 1242 1386 tetragoni
1274 1342 1485 1386 tomentelli,
1522 1342 1607 1378 folia
1628 1344 1771 1387 juniora

65 1389 189 1424 subtus
215 1388 523 1431 albo-tomentosa,
548 1388 714 1423 bracteae
731 1388 993 1424 verticillastris
1016 1389 1126 1424 multo
1150 1389 1341 1424 breviores.
1389 1389 1484 1424 Odor
1507 1391 1772 1434 camphoratus.

66 1435 198 1470 Forma
222 1435 390 1479 genuina:
418 1435 657 1470 verticillastri
689 1445 809 1470 omnes
835 1435 1008 1471 distantes
1039 1436 1109 1470 imo
1134 1437 1271 1471 remoti.
1320 1436 1447 1471 Variat
1471 1437 1565 1472 foliis
1590 1437 1768 1480 angustio-

63 1483 161 1518 ribus
187 1482 456 1527 latioribusque,
480 1482 686 1517 tomentosis
710 1488 745 1517 et
770 1483 1127 1528 lanato-tomentosis,
1153 1484 1333 1528 calycibus
1353 1484 1657 1527 glabrescentibus
1683 1491 1770 1521 (var.

65 1530 275 1574 Lagascana
300 1528 428 1573 WBB.)
453 1535 489 1564 et
515 1529 766 1573 subglutinosis
792 1530 877 1574 (var.
903 1530 1053 1565 latifolia
1076 1530 1213 1574 WBB.).

204 1597 241 1636 ρ’.
273 1593 460 1637 spicata,
492 1594 755 1630 verticillastris
780 1595 1022 1640 superioribus
1047 1601 1110 1631 aut
1134 1596 1294 1631 omnibus
1320 1595 1594 1640 approximatis,
1630 1596 1770 1640 spicam

273 1640 575 1686 subinterruptam
599 1641 844 1677 formantibus.

155 1704 198 1738 In
222 1704 372 1740 collibus
391 1704 489 1748 jugis
514 1704 774 1749 declivibusque
800 1705 956 1741 dumosis
982 1706 1090 1741 aridis
1113 1707 1244 1749 region.
1270 1706 1371 1740 infer.
1398 1710 1434 1740 et
1458 1711 1611 1741 montan.
1638 1706 1769 1751 Hispa-

108 1751 187 1785 niae
213 1752 371 1793 central„
396 1753 698 1787 austro-oriental.
724 1758 760 1787 et
784 1753 930 1787 austral.
957 1753 1139 1797 frequens:
1166 1754 1201 1787 in
1227 1758 1376 1797 utraque
1403 1754 1496 1788 Cast.
1529 1754 1604 1794 (int.
1632 1754 1768 1797 Burgos

109 1803 144 1833 et
168 1798 324 1836 Aranda,
348 1798 463 1839 Dur..
489 1810 574 1842 agro
599 1799 762 1844 Maeli-it„
788 1812 816 1834 c.
843 1800 1023 1843 Arganda,
1050 1801 1160 1843 CUT.,
1187 1800 1221 1834 la
1246 1801 1421 1843 Alcarria,
1448 1812 1476 1835 c.
1503 1800 1625 1840 Trillo.
1652 1801 1767 1835 Aran-

104 1845 198 1889 juez⁷
224 1846 364 1890 COLM.,
391 1846 582 1890 BOURG.!,
609 1847 644 1880 la
669 1847 839 1888 Mancha,
869 1847 1041 1885 POURR..
1076 1848 1112 1881 in
1133 1847 1230 1892 jugis
1255 1847 1362 1882 oditis
1388 1859 1415 1881 c.
1443 1847 1582 1881 Molina
1607 1847 1650 1881 de
1676 1849 1768 1882 Ara-

109 1903 175 1935 gon
199 1898 306 1936 atque
331 1892 366 1926 in
391 1893 559 1927 Serrania
583 1892 627 1927 (le
652 1893 792 1929 Cuenca
816 1893 963 1939 abund„
1000 1893 1126 1937 WK.),
1160 1895 1315 1937 Aragon.
1342 1895 1418 1938 (int.
1445 1894 1533 1928 Sasa
1558 1899 1593 1929 et
1617 1894 1768 1938 Gurrea,

109 1939 241 1973 Puerto
266 1939 308 1973 de
334 1939 474 1974 Dar-oca
500 1946 534 1974 ct
560 1940 741 1985 Layunta,
770 1940 876 1985 WK„
917 1942 950 1975 S.
976 1941 1019 1975 de
1045 1942 1234 1986 Moncayo.
1270 1941 1378 1984 Ass,
1403 1941 1538 1985 VAHL,
1577 1951 1621 1975 eu
1646 1942 1677 1975 cl
1705 1941 1768 1975 Ca-

108 1986 243 2028 stellar,
269 1996 296 2020 c.
323 1986 448 2030 Borja,
475 1987 626 2030 Segura,
653 1988 870 2031 Montalvan,
899 1988 1040 2031 Teruel,
1067 1989 1172 2033 Ass„
1207 1988 1419 2031 Torrecilla,
1445 1988 1665 2023 Castelseras
1691 1994 1769 2033 etc,

107 2032 226 2067 LOSC.
252 2033 427 2075 PARD.!),
467 2045 574 2076 regno
600 2034 740 2069 Valent.
774 2037 830 2077 (en
855 2035 887 2069 el
916 2036 1157 2078 Maestngo.
1195 2035 1313 2070 LOSC.
1340 2036 1489 2073 PARD.,
1529 2046 1556 2069 c.
1584 2035 1767 2079 Titaguas,

107 2080 249 2124 CLEM.,
285 2081 319 2114 in
343 2081 487 2116 montib.
513 2081 681 2124 Mariola,
708 2082 858 2123 Aitana,
897 2081 1118 2125 Pefiaglosa,
1149 2083 1295 2124 CAV.!).
1333 2083 1448 2118 Mure.
1482 2082 1649 2123 (POURR.
1675 2088 1767 2118 testo

108 2127 220 2167 LGR,
247 2138 299 2171 pr.
318 2127 451 2172 Hellin,
478 2128 637 2171 GUIR.!),
664 2128 810 2163 Granat.
837 2129 896 2163 <ad
920 2130 979 2164 alt.
1000 2130 1174 2164 3—6000‘
1199 2129 1352 2173 undique
1378 2130 1517 2171 abund,
1543 2129 1641 2170 BSS.,
1666 2129 1767 2173 WK„

109 2174 200 2209 FK.!
226 2174 381 2219 ALTH.),
406 2175 505 2210 Baet.
526 2175 682 2221 (WBB.);
701 2196 746 2201 --
765 2177 801 2222 β.
827 2176 910 2211 hinc
936 2176 1016 2211 inde
1043 2177 1092 2221 (in
1108 2177 1208 2211 Baet.
1228 2177 1424 2212 SOHOUSB.
1450 2187 1494 2210 ex
1511 2176 1623 2214 LGE.,
1649 2177 1768 2211 Sierra

106 2221 265 2266 Nevada,
289 2221 405 2266 WK.).
432 2241 477 2247 ——
503 2229 526 2259 τ)
550 2222 672 2258 ὖιιηπ-
683 2223 774 2267 Aug.
811 2227 853 2267 (v.
880 2225 934 2268 v.).
987 2224 1127 2258 »Salvia
1150 2223 1238 2268 fina,
1272 2224 1314 2258 dc
1340 2224 1375 2258 la
1398 2223 1585 2259 Alcarria«
1613 2224 1769 2269 Castell.,

110 2268 268 2303 »Salvia«
296 2268 443 2304 Granat.

154 2339 259 2372 2289.
308 2341 346 2373 S.
372 2342 549 2380 pinnata
573 2339 614 2374 L.
642 2340 724 2375 Cod.
749 2353 783 2385 p.
802 2342 889 2376 217!
943 2340 1055 2376 »Tota
1078 2340 1161 2385 pilis
1185 2340 1299 2384 longis
1325 2339 1452 2374 albidis
1478 2339 1599 2374 lanata
1624 2344 1660 2374 et
1684 2340 1762 2373 brc-

62 2384 152 2418 viter
174 2385 462 2429 viscoso-villosa,
488 2387 588 2420 caule
614 2387 790 2422 herbaceo
818 2389 922 2421 1-2‘
948 2387 969 2422 l.
998 2393 1115 2422 erecto
1139 2387 1262 2432 piloso,
1288 2386 1380 2421 foliis
1406 2386 1665 2431 pinnatisectis,
1692 2397 1768 2429 seg-

63 2431 190 2465 mentis
216 2432 417 2475 3—4-jugis
442 2432 673 2476 petiolulatis,
700 2435 811 2470 ovatis
834 2435 1114 2469 inciso-crenatis
1133 2433 1310 2476 rugulosis
1336 2433 1479 2477 villosis,
1506 2433 1658 2468 racemis
1686 2433 1767 2468 sim·

62 2478 224 2522 plicibus,
249 2479 511 2514 verticillastris
537 2480 766 2516 subsexfloris
790 2482 946 2526 remotis,
971 2481 1065 2515 foliis
1090 2480 1274 2515 floralibus
1298 2480 1523 2523 bracteisque
1549 2481 1769 2514 membrana-

62 2525 134 2559 ceis
159 2525 271 2560 ovatis
297 2525 505 2560 acuminatis
531 2526 651 2571 calyce
683 2528 902 2563 brevioribus
937 2528 1113 2569 deciduis,
1152 2527 1332 2572 calycibus
1370 2526 1558 2561 urceolatis
1593 2527 1769 2562 truncatis

60 2572 338 2616 piloso—lanatis,
365 2572 459 2606 labio
484 2573 667 2617 superiore
691 2574 883 2610 tridentato
908 2575 1076 2609 inferiore
1101 2573 1228 2617 bifido,
1263 2573 1425 2608 dentibus
1451 2573 1611 2609 omuibus
1636 2574 1768 2609 brevis-

62 2619 159 2654 simis
185 2619 310 2662 acutis,
337 2618 478 2654 corollis
504 2620 625 2664 calyce
650 2621 756 2665 triplo
782 2622 1009 2666 longioribus,
1035 2622 1118 2657 tubo
1136 2622 1238 2664 longe
1257 2625 1399 2655 exserto
1418 2631 1569 2664 superne
1587 2621 1768 2666 ampliato⁷

62 2666 156 2701 labio
182 2666 364 2711 superiore
390 2670 522 2709 recto«,
547 2666 642 2700 BTH.
669 2667 692 2701 l.
716 2678 744 2702 c.

152 2726 193 2760 In
218 2725 394 2770 Hispania
418 2725 494 2760 loco
520 2736 587 2760 non
612 2725 766 2761 indicato
793 2726 954 2770 (PAVON
978 2737 1023 2761 ex
1047 2725 1172 2769 BTH.),
1199 2724 1298 2759 Baet.
1327 2723 1491 2768 (ema).
1518 2743 1563 2750 —-
1589 2728 1618 2766 <f
1644 2725 1689 2769 (n.
1707 2727 1751 2766 v.)

151 2784 244 2819 Hab.
270 2793 408 2828 quoque
434 2783 470 2818 in
497 2782 641 2818 Oriente
669 2789 704 2819 et
729 2784 877 2820 Arabia.

110 2880 206 2912 Secl.
232 2880 284 2912 ΙΙ.
335 2879 648 2921 Drymopkace
672 2876 770 2912 BTH.
799 2877 823 2911 l.
850 2888 879 2912 c.
913 2889 946 2922 p.
973 2877 1059 2911 275!
1110 2875 1249 2922 Calycis
1280 2875 1435 2911 tubulosi
1465 2885 1496 2910 v.
1528 2873 1769 2919 campanulati

266 2923 400 2958 labium
443 2923 607 2968 superius
644 2924 887 2967 subintegrum
920 2929 981 2959 aut
1015 2928 1240 2967 truncatum,
1278 2922 1485 2958 brevissime
1524 2921 1766 2956 tridentatum.

268 2970 429 3006 Corollae
460 2970 566 3006 tubus
598 2976 775 3015 exsertus,
813 2971 916 3015 galea
951 2970 1085 3005 falcata
1117 2980 1342 3016 compressa,
1378 2969 1465 3004 labii
1493 2968 1672 3003 inferioris
1697 2968 1768 3002 lobi

268 3017 437 3053 laterales
462 3022 635 3063 patentes.
684 3017 897 3053 Connectiva
920 3023 1101 3063 porrecta,
1136 3016 1292 3053 loculum
1324 3027 1465 3052 cassum
1498 3015 1670 3059 ferentia,
1709 3025 1767 3049 ex-

271 3064 454 3100 tremitate
478 3065 714 3101 subconnexa.
