<?xml version="1.0" encoding="UTF-8"?>
<!DOCTYPE html PUBLIC "-//W3C//DTD XHTML 1.0 Transitional//EN"
    "http://www.w3.org/TR/xhtml1/DTD/xhtml1-transitional.dtd">
<html xmlns="http://www.w3.org/1999/xhtml" xml:lang="en" lang="en">
 <head>
  <title>
</title>
<meta http-equiv="Content-Type" content="text/html;charset=utf-8" />
  <meta name='ocr-system' content='tesseract 3.04.00' />
  <meta name='ocr-capabilities' content='ocr_page ocr_carea ocr_par ocr_line ocrx_word'/>
</head>
<body>
  <div class='ocr_page' id='page_1' title='image "./prodromusfloraeh02will_0195.png"; bbox 0 0 1947 3296; ppageno 0'>
   <div class='ocr_carea' id='block_1_1' title="bbox 875 120 966 165">
    <p class='ocr_par' dir='ltr' id='par_1_1' title="bbox 875 120 966 165">
     <span class='ocr_line' id='line_1_1' title="bbox 875 120 966 165; baseline -0.022 0"><span class='ocrx_word' id='word_1_1' title='bbox 875 120 966 165; x_wconf 81' lang='lat'>187</span> 
     </span>
    </p>
   </div>
   <div class='ocr_carea' id='block_1_2' title="bbox 278 241 1775 381">
    <p class='ocr_par' dir='ltr' id='par_1_2' title="bbox 278 241 1775 381">
     <span class='ocr_line' id='line_1_2' title="bbox 279 241 1775 288; baseline -0.001 -10"><span class='ocrx_word' id='word_1_2' title='bbox 279 244 447 288; x_wconf 88' lang='lat' dir='ltr'>inermes,</span> <span class='ocrx_word' id='word_1_3' title='bbox 483 252 601 277; x_wconf 88' lang='lat' dir='ltr'>omnes</span> <span class='ocrx_word' id='word_1_4' title='bbox 635 241 793 285; x_wconf 78' lang='lat' dir='ltr'>glabrae.</span> <span class='ocrx_word' id='word_1_5' title='bbox 844 241 970 276; x_wconf 87' lang='lat' dir='ltr'>Flores</span> <span class='ocrx_word' id='word_1_6' title='bbox 996 250 1115 275; x_wconf 85' lang='lat' dir='ltr'>omnes</span> <span class='ocrx_word' id='word_1_7' title='bbox 1146 241 1443 285; x_wconf 85' lang='lat' dir='ltr'>hermaphroditi,</span> <span class='ocrx_word' id='word_1_8' title='bbox 1477 241 1623 277; x_wconf 82' lang='lat' dir='ltr'>fertiles.</span> <span class='ocrx_word' id='word_1_9' title='bbox 1673 241 1775 277; x_wconf 87' lang='lat' dir='ltr'>Folia</span> 
     </span>
     <span class='ocr_line' id='line_1_3' title="bbox 278 287 1772 335; baseline -0.002 -10"><span class='ocrx_word' id='word_1_10' title='bbox 278 301 386 335; x_wconf 90' lang='lat' dir='ltr'>supra</span> <span class='ocrx_word' id='word_1_11' title='bbox 418 300 488 324; x_wconf 92' lang='lat' dir='ltr'>non</span> <span class='ocrx_word' id='word_1_12' title='bbox 522 289 719 334; x_wconf 83' lang='lat' dir='ltr'>spinulosa,</span> <span class='ocrx_word' id='word_1_13' title='bbox 754 289 913 332; x_wconf 77' lang='lat' dir='ltr'>margine</span> <span class='ocrx_word' id='word_1_14' title='bbox 946 287 1090 332; x_wconf 85' lang='lat' dir='ltr'>spinosa</span> <span class='ocrx_word' id='word_1_15' title='bbox 1125 293 1187 322; x_wconf 87' lang='lat' dir='ltr'>aut</span> <span class='ocrx_word' id='word_1_16' title='bbox 1218 287 1330 322; x_wconf 90' lang='lat' dir='ltr'>solum</span> <span class='ocrx_word' id='word_1_17' title='bbox 1362 287 1701 332; x_wconf 86' lang='lat' dir='ltr'>spinuloso-ciliata.</span> <span class='ocrx_word' id='word_1_18' title='bbox 1728 309 1772 313; x_wconf 85' lang='lat'>-</span> 
     </span>
     <span class='ocr_line' id='line_1_4' title="bbox 280 336 712 381; baseline -0.002 -10"><span class='ocrx_word' id='word_1_19' title='bbox 280 336 422 371; x_wconf 88' lang='lat' dir='ltr'>Herbae</span> <span class='ocrx_word' id='word_1_20' title='bbox 447 336 712 381; x_wconf 87' lang='lat' dir='ltr'>polymorphae.</span> 
     </span>
    </p>
   </div>
   <div class='ocr_carea' id='block_1_3' title="bbox 564 450 1283 492">
    <p class='ocr_par' dir='ltr' id='par_1_3' title="bbox 564 450 1283 492">
     <span class='ocr_line' id='line_1_5' title="bbox 564 450 1283 492; baseline -0.003 -8"><span class='ocrx_word' id='word_1_21' title='bbox 564 450 588 492; x_wconf 91' lang='lat'>†</span> <span class='ocrx_word' id='word_1_22' title='bbox 639 452 743 484; x_wconf 75' lang='lat' dir='ltr'>Folia</span> <span class='ocrx_word' id='word_1_23' title='bbox 771 451 916 484; x_wconf 73' lang='lat' dir='ltr'>mulina</span> <span class='ocrx_word' id='word_1_24' title='bbox 943 461 1014 483; x_wconf 80' lang='lat' dir='ltr'>mm</span> <span class='ocrx_word' id='word_1_25' title='bbox 1039 450 1283 483; x_wconf 76' lang='lat' dir='ltr'>decurremia.</span> 
     </span>
    </p>
   </div>
   <div class='ocr_carea' id='block_1_4' title="bbox 69 528 1778 1275">
    <p class='ocr_par' dir='ltr' id='par_1_4' title="bbox 69 528 1778 1043">
     <span class='ocr_line' id='line_1_6' title="bbox 168 528 1778 575; baseline -0.001 -10"><span class='ocrx_word' id='word_1_26' title='bbox 168 532 268 565; x_wconf 81' lang='lat'>1685.</span> <span class='ocrx_word' id='word_1_27' title='bbox 311 533 354 565; x_wconf 86' lang='lat' dir='ltr'>C.</span> <span class='ocrx_word' id='word_1_28' title='bbox 381 533 574 573; x_wconf 85' lang='lat' dir='ltr'>glabrum</span> <span class='ocrx_word' id='word_1_29' title='bbox 599 530 670 564; x_wconf 90' lang='lat' dir='ltr'>DC.</span> <span class='ocrx_word' id='word_1_30' title='bbox 697 530 752 564; x_wconf 83' lang='lat' dir='ltr'>Fl.</span> <span class='ocrx_word' id='word_1_31' title='bbox 778 530 820 565; x_wconf 91' lang='lat' dir='ltr'>fr.</span> <span class='ocrx_word' id='word_1_32' title='bbox 848 530 963 575; x_wconf 85' lang='lat' dir='ltr'><strong>suppl.</strong></span> <span class='ocrx_word' id='word_1_33' title='bbox 989 542 1022 574; x_wconf 89' lang='lat' dir='ltr'>p.</span> <span class='ocrx_word' id='word_1_34' title='bbox 1050 530 1128 563; x_wconf 82' lang='lat'>463.</span> <span class='ocrx_word' id='word_1_35' title='bbox 1155 528 1226 563; x_wconf 87' lang='lat' dir='ltr'>GR.</span> <span class='ocrx_word' id='word_1_36' title='bbox 1253 528 1382 563; x_wconf 83' lang='lat' dir='ltr'>GODR.</span> <span class='ocrx_word' id='word_1_37' title='bbox 1409 529 1430 562; x_wconf 99' lang='lat' dir='ltr'>l.</span> <span class='ocrx_word' id='word_1_38' title='bbox 1457 540 1485 563; x_wconf 90' lang='lat' dir='ltr'>c.</span> <span class='ocrx_word' id='word_1_39' title='bbox 1511 541 1544 573; x_wconf 92' lang='lat' dir='ltr'>p.</span> <span class='ocrx_word' id='word_1_40' title='bbox 1571 531 1654 565; x_wconf 76' lang='lat'>2212</span> <span class='ocrx_word' id='word_1_41' title='bbox 1682 530 1778 574; x_wconf 88' lang='lat' dir='ltr'>(Car-</span> 
     </span>
     <span class='ocr_line' id='line_1_7' title="bbox 71 575 1777 622; baseline -0.001 -10"><span class='ocrx_word' id='word_1_42' title='bbox 71 577 160 612; x_wconf 87' lang='lat' dir='ltr'>duus</span> <span class='ocrx_word' id='word_1_43' title='bbox 193 578 318 621; x_wconf 85' lang='lat' dir='ltr'>glaber</span> <span class='ocrx_word' id='word_1_44' title='bbox 342 578 506 622; x_wconf 57' lang='lat' dir='ltr'>STEUD„</span> <span class='ocrx_word' id='word_1_45' title='bbox 539 578 667 612; x_wconf 91' lang='lat' dir='ltr'>Cnicus</span> <span class='ocrx_word' id='word_1_46' title='bbox 700 577 963 622; x_wconf 88' lang='lat' dir='ltr'>spinosissimus</span> <span class='ocrx_word' id='word_1_47' title='bbox 989 576 1096 611; x_wconf 84' lang='lat' dir='ltr'>ASSO</span> <span class='ocrx_word' id='word_1_48' title='bbox 1122 581 1157 610; x_wconf 88' lang='lat' dir='ltr'>et</span> <span class='ocrx_word' id='word_1_49' title='bbox 1182 575 1280 609; x_wconf 86' lang='lat' dir='ltr'>LAP.</span> <span class='ocrx_word' id='word_1_50' title='bbox 1307 587 1374 610; x_wconf 91' lang='lat' dir='ltr'>non</span> <span class='ocrx_word' id='word_1_51' title='bbox 1399 575 1454 619; x_wconf 90' lang='lat' dir='ltr'>L.)</span> <span class='ocrx_word' id='word_1_52' title='bbox 1503 576 1777 622; x_wconf 88' lang='lat' dir='ltr'>Glaberrimum,</span> 
     </span>
     <span class='ocr_line' id='line_1_8' title="bbox 72 622 1777 670; baseline 0 -13"><span class='ocrx_word' id='word_1_53' title='bbox 72 624 209 670; x_wconf 87' lang='lat' dir='ltr'>pallide</span> <span class='ocrx_word' id='word_1_54' title='bbox 234 625 361 667; x_wconf 81' lang='lat' dir='ltr'>virens,</span> <span class='ocrx_word' id='word_1_55' title='bbox 388 625 488 660; x_wconf 88' lang='lat' dir='ltr'>caule</span> <span class='ocrx_word' id='word_1_56' title='bbox 513 630 631 659; x_wconf 87' lang='lat' dir='ltr'>erecto</span> <span class='ocrx_word' id='word_1_57' title='bbox 658 624 809 669; x_wconf 89' lang='lat' dir='ltr'>simplici</span> <span class='ocrx_word' id='word_1_58' title='bbox 835 629 896 658; x_wconf 89' lang='lat' dir='ltr'>aut</span> <span class='ocrx_word' id='word_1_59' title='bbox 921 623 1021 668; x_wconf 84' lang='lat' dir='ltr'>apice</span> <span class='ocrx_word' id='word_1_60' title='bbox 1045 633 1152 668; x_wconf 90' lang='lat' dir='ltr'>parce</span> <span class='ocrx_word' id='word_1_61' title='bbox 1178 633 1327 666; x_wconf 83' lang='lat' dir='ltr'>ramOSO,</span> <span class='ocrx_word' id='word_1_62' title='bbox 1359 622 1535 668; x_wconf 69' lang='lat' dir='ltr'>¹l2—-1¹l.,</span> <span class='ocrx_word' id='word_1_63' title='bbox 1562 634 1682 658; x_wconf 85' lang='lat' dir='ltr'>crasso</span> <span class='ocrx_word' id='word_1_64' title='bbox 1708 624 1777 658; x_wconf 89' lang='lat' dir='ltr'>sul-</span> 
     </span>
     <span class='ocr_line' id='line_1_9' title="bbox 70 668 1776 716; baseline -0.001 -10"><span class='ocrx_word' id='word_1_65' title='bbox 70 676 164 716; x_wconf 89' lang='lat' dir='ltr'>cato,</span> <span class='ocrx_word' id='word_1_66' title='bbox 189 670 233 706; x_wconf 90' lang='lat' dir='ltr'>ad</span> <span class='ocrx_word' id='word_1_67' title='bbox 258 671 415 706; x_wconf 85' lang='lat' dir='ltr'>calathia</span> <span class='ocrx_word' id='word_1_68' title='bbox 439 682 549 715; x_wconf 91' lang='lat' dir='ltr'>usque</span> <span class='ocrx_word' id='word_1_69' title='bbox 575 671 718 715; x_wconf 72' lang='lat' dir='ltr'>folioso,</span> <span class='ocrx_word' id='word_1_70' title='bbox 751 671 844 705; x_wconf 86' lang='lat' dir='ltr'>foliis</span> <span class='ocrx_word' id='word_1_71' title='bbox 878 670 1229 704; x_wconf 82' lang='lat' dir='ltr'>lineari-lanceolatis</span> <span class='ocrx_word' id='word_1_72' title='bbox 1262 668 1497 713; x_wconf 87' lang='lat' dir='ltr'>pinnatifidis,</span> <span class='ocrx_word' id='word_1_73' title='bbox 1523 680 1630 704; x_wconf 89' lang='lat' dir='ltr'>nervo</span> <span class='ocrx_word' id='word_1_74' title='bbox 1662 669 1776 705; x_wconf 85' lang='lat' dir='ltr'>medio</span> 
     </span>
     <span class='ocr_line' id='line_1_10' title="bbox 71 716 1777 761; baseline -0.001 -9"><span class='ocrx_word' id='word_1_75' title='bbox 71 728 191 752; x_wconf 88' lang='lat' dir='ltr'>crasso</span> <span class='ocrx_word' id='word_1_76' title='bbox 216 718 393 753; x_wconf 79' lang='lat' dir='ltr'>albicante</span> <span class='ocrx_word' id='word_1_77' title='bbox 418 718 612 761; x_wconf 87' lang='lat' dir='ltr'>instructis,</span> <span class='ocrx_word' id='word_1_78' title='bbox 638 718 727 752; x_wconf 88' lang='lat' dir='ltr'>lobis</span> <span class='ocrx_word' id='word_1_79' title='bbox 753 718 917 752; x_wconf 89' lang='lat' dir='ltr'>brevibus</span> <span class='ocrx_word' id='word_1_80' title='bbox 943 717 1219 760; x_wconf 79' lang='lat' dir='ltr'>triangularibus</span> <span class='ocrx_word' id='word_1_81' title='bbox 1237 716 1451 751; x_wconf 87' lang='lat' dir='ltr'>distantibus</span> <span class='ocrx_word' id='word_1_82' title='bbox 1470 716 1777 751; x_wconf 87' lang='lat' dir='ltr'>divaricato-lobu-</span> 
     </span>
     <span class='ocr_line' id='line_1_11' title="bbox 70 763 1777 809; baseline 0 -11"><span class='ocrx_word' id='word_1_83' title='bbox 70 764 164 807; x_wconf 82' lang='lat' dir='ltr'>latis,</span> <span class='ocrx_word' id='word_1_84' title='bbox 191 764 482 808; x_wconf 85' lang='lat' dir='ltr'>spinoso-ciliatis</span> <span class='ocrx_word' id='word_1_85' title='bbox 509 771 543 799; x_wconf 92' lang='lat' dir='ltr'>et</span> <span class='ocrx_word' id='word_1_86' title='bbox 566 765 664 809; x_wconf 81' lang='lat' dir='ltr'>apice</span> <span class='ocrx_word' id='word_1_87' title='bbox 692 765 792 809; x_wconf 89' lang='lat' dir='ltr'>spina</span> <span class='ocrx_word' id='word_1_88' title='bbox 817 764 946 798; x_wconf 84' lang='lat'><strong><em>4—6“‘</em></strong></span> <span class='ocrx_word' id='word_1_89' title='bbox 971 764 1075 807; x_wconf 87' lang='lat' dir='ltr'>longa</span> <span class='ocrx_word' id='word_1_90' title='bbox 1100 763 1217 797; x_wconf 87' lang='lat' dir='ltr'>valida</span> <span class='ocrx_word' id='word_1_91' title='bbox 1242 763 1453 808; x_wconf 88' lang='lat' dir='ltr'>terminatis,</span> <span class='ocrx_word' id='word_1_92' title='bbox 1479 763 1589 808; x_wconf 92' lang='lat' dir='ltr'>spinis</span> <span class='ocrx_word' id='word_1_93' title='bbox 1615 764 1777 799; x_wconf 90' lang='lat' dir='ltr'>omnibus</span> 
     </span>
     <span class='ocr_line' id='line_1_12' title="bbox 71 809 1777 854; baseline -0.001 -8"><span class='ocrx_word' id='word_1_94' title='bbox 71 811 217 852; x_wconf 80' lang='lat' dir='ltr'>albidis;</span> <span class='ocrx_word' id='word_1_95' title='bbox 251 811 415 846; x_wconf 88' lang='lat' dir='ltr'>calathiis</span> <span class='ocrx_word' id='word_1_96' title='bbox 441 811 686 846; x_wconf 86' lang='lat' dir='ltr'>terminalibus</span> <span class='ocrx_word' id='word_1_97' title='bbox 711 810 1145 854; x_wconf 86' lang='lat' dir='ltr'>glomerato-aggregatis,</span> <span class='ocrx_word' id='word_1_98' title='bbox 1179 820 1259 844; x_wconf 87' lang='lat' dir='ltr'>raro</span> <span class='ocrx_word' id='word_1_99' title='bbox 1286 810 1471 854; x_wconf 76' lang='lat' dir='ltr'>solitariis,</span> <span class='ocrx_word' id='word_1_100' title='bbox 1506 809 1600 845; x_wconf 89' lang='lat' dir='ltr'>foliis</span> <span class='ocrx_word' id='word_1_101' title='bbox 1633 811 1777 845; x_wconf 87' lang='lat' dir='ltr'>summis</span> 
     </span>
     <span class='ocr_line' id='line_1_13' title="bbox 69 856 1777 903; baseline 0.001 -12"><span class='ocrx_word' id='word_1_102' title='bbox 69 858 297 893; x_wconf 86' lang='lat' dir='ltr'>involucratis</span> <span class='ocrx_word' id='word_1_103' title='bbox 328 859 501 902; x_wconf 85' lang='lat' dir='ltr'>longeque</span> <span class='ocrx_word' id='word_1_104' title='bbox 534 858 728 903; x_wconf 74' lang='lat' dir='ltr'>superatis,</span> <span class='ocrx_word' id='word_1_105' title='bbox 767 858 927 892; x_wconf 89' lang='lat' dir='ltr'>anthodii</span> <span class='ocrx_word' id='word_1_106' title='bbox 959 857 1051 892; x_wconf 84' lang='lat' dir='ltr'>ovati</span> <span class='ocrx_word' id='word_1_107' title='bbox 1085 857 1163 891; x_wconf 89' lang='lat' dir='ltr'>basi</span> <span class='ocrx_word' id='word_1_108' title='bbox 1197 856 1376 891; x_wconf 83' lang='lat' dir='ltr'>rotundati</span> <span class='ocrx_word' id='word_1_109' title='bbox 1409 857 1538 890; x_wconf 61' lang='lat'><strong><em>8-9‘1‘</em></strong></span> <span class='ocrx_word' id='word_1_110' title='bbox 1565 858 1586 891; x_wconf 93' lang='lat' dir='ltr'>l.</span> <span class='ocrx_word' id='word_1_111' title='bbox 1622 858 1777 901; x_wconf 80' lang='lat' dir='ltr'>squamis</span> 
     </span>
     <span class='ocr_line' id='line_1_14' title="bbox 69 903 1777 949; baseline 0 -11"><span class='ocrx_word' id='word_1_112' title='bbox 69 905 277 939; x_wconf 84' lang='lat' dir='ltr'>lanceolatis</span> <span class='ocrx_word' id='word_1_113' title='bbox 310 905 494 947; x_wconf 87' lang='lat' dir='ltr'>ciliolatis,</span> <span class='ocrx_word' id='word_1_114' title='bbox 526 905 561 938; x_wconf 91' lang='lat' dir='ltr'>in</span> <span class='ocrx_word' id='word_1_115' title='bbox 597 904 772 949; x_wconf 89' lang='lat' dir='ltr'>spinulam</span> <span class='ocrx_word' id='word_1_116' title='bbox 807 909 962 938; x_wconf 82' lang='lat' dir='ltr'>erectam</span> <span class='ocrx_word' id='word_1_117' title='bbox 986 903 1154 948; x_wconf 83' lang='lat' dir='ltr'>pallidam</span> <span class='ocrx_word' id='word_1_118' title='bbox 1180 903 1258 938; x_wconf 87' lang='lat' dir='ltr'>basi</span> <span class='ocrx_word' id='word_1_119' title='bbox 1283 904 1542 946; x_wconf 79' lang='lat' dir='ltr'>nigrescentem</span> <span class='ocrx_word' id='word_1_120' title='bbox 1567 905 1777 949; x_wconf 70' lang='lat' dir='ltr'>attenuatis,</span> 
     </span>
     <span class='ocr_line' id='line_1_15' title="bbox 70 950 1776 996; baseline 0 -10"><span class='ocrx_word' id='word_1_121' title='bbox 70 951 209 986; x_wconf 91' lang='lat' dir='ltr'>corollis</span> <span class='ocrx_word' id='word_1_122' title='bbox 234 951 380 994; x_wconf 84' lang='lat' dir='ltr'>albidis,</span> <span class='ocrx_word' id='word_1_123' title='bbox 405 952 587 986; x_wconf 88' lang='lat' dir='ltr'>achaeniis</span> <span class='ocrx_word' id='word_1_124' title='bbox 612 951 976 994; x_wconf 86' lang='lat' dir='ltr'>oblongo-linearibus</span> <span class='ocrx_word' id='word_1_125' title='bbox 1002 951 1129 984; x_wconf 84' lang='lat'><strong><em>2—3“‘</em></strong></span> <span class='ocrx_word' id='word_1_126' title='bbox 1153 950 1193 994; x_wconf 93' lang='lat' dir='ltr'>l.,</span> <span class='ocrx_word' id='word_1_127' title='bbox 1226 950 1349 984; x_wconf 90' lang='lat' dir='ltr'>leviter</span> <span class='ocrx_word' id='word_1_128' title='bbox 1374 950 1526 985; x_wconf 88' lang='lat' dir='ltr'>curvatis</span> <span class='ocrx_word' id='word_1_129' title='bbox 1552 951 1776 996; x_wconf 87' lang='lat' dir='ltr'>compressis,</span> 
     </span>
     <span class='ocr_line' id='line_1_16' title="bbox 70 997 1158 1043; baseline -0.003 -10"><span class='ocrx_word' id='word_1_130' title='bbox 70 998 207 1033; x_wconf 87' lang='lat' dir='ltr'>striatis</span> <span class='ocrx_word' id='word_1_131' title='bbox 233 997 350 1040; x_wconf 85' lang='lat' dir='ltr'>fuscis,</span> <span class='ocrx_word' id='word_1_132' title='bbox 377 1008 496 1043; x_wconf 90' lang='lat' dir='ltr'>pappo</span> <span class='ocrx_word' id='word_1_133' title='bbox 522 997 661 1033; x_wconf 87' lang='lat' dir='ltr'>sordide</span> <span class='ocrx_word' id='word_1_134' title='bbox 687 998 768 1032; x_wconf 89' lang='lat' dir='ltr'>albo</span> <span class='ocrx_word' id='word_1_135' title='bbox 793 997 900 1042; x_wconf 87' lang='lat' dir='ltr'>duplo</span> <span class='ocrx_word' id='word_1_136' title='bbox 927 997 1158 1032; x_wconf 86' lang='lat' dir='ltr'>brevioribus.</span> 
     </span>
    </p>

    <p class='ocr_par' dir='ltr' id='par_1_5' title="bbox 114 1040 1777 1229">
     <span class='ocr_line' id='line_1_17' title="bbox 162 1040 1774 1088; baseline 0.001 -11"><span class='ocrx_word' id='word_1_137' title='bbox 162 1044 203 1078; x_wconf 89' lang='lat' dir='ltr'>In</span> <span class='ocrx_word' id='word_1_138' title='bbox 236 1045 408 1087; x_wconf 83' lang='lat' dir='ltr'>glareosis</span> <span class='ocrx_word' id='word_1_139' title='bbox 439 1044 483 1079; x_wconf 88' lang='lat' dir='ltr'>ad</span> <span class='ocrx_word' id='word_1_140' title='bbox 517 1044 727 1079; x_wconf 89' lang='lat' dir='ltr'>torrentium</span> <span class='ocrx_word' id='word_1_141' title='bbox 761 1040 937 1088; x_wconf 78' lang='lat' dir='ltr'>margines</span> <span class='ocrx_word' id='word_1_142' title='bbox 972 1044 1122 1087; x_wconf 79' lang='lat' dir='ltr'>regionis</span> <span class='ocrx_word' id='word_1_143' title='bbox 1148 1043 1355 1087; x_wconf 86' lang='lat' dir='ltr'>subalpinae</span> <span class='ocrx_word' id='word_1_144' title='bbox 1381 1042 1645 1088; x_wconf 84' lang='lat' dir='ltr'>Pyrenaeorum</span> <span class='ocrx_word' id='word_1_145' title='bbox 1671 1043 1774 1078; x_wconf 83' lang='lat' dir='ltr'>Cata-</span> 
     </span>
     <span class='ocr_line' id='line_1_18' title="bbox 114 1089 1776 1134; baseline 0 -10"><span class='ocrx_word' id='word_1_146' title='bbox 114 1090 254 1125; x_wconf 89' lang='lat' dir='ltr'>launiae</span> <span class='ocrx_word' id='word_1_147' title='bbox 279 1096 314 1125; x_wconf 91' lang='lat' dir='ltr'>et</span> <span class='ocrx_word' id='word_1_148' title='bbox 337 1091 538 1134; x_wconf 86' lang='lat' dir='ltr'>Aragoniae</span> <span class='ocrx_word' id='word_1_149' title='bbox 564 1091 678 1126; x_wconf 88' lang='lat' dir='ltr'>rarius</span> <span class='ocrx_word' id='word_1_150' title='bbox 705 1090 821 1134; x_wconf 80' lang='lat' dir='ltr'>(Valle</span> <span class='ocrx_word' id='word_1_151' title='bbox 848 1091 891 1125; x_wconf 89' lang='lat' dir='ltr'>de</span> <span class='ocrx_word' id='word_1_152' title='bbox 915 1091 1025 1133; x_wconf 88' lang='lat' dir='ltr'>Bohi,</span> <span class='ocrx_word' id='word_1_153' title='bbox 1052 1090 1208 1129; x_wconf 74' lang='lat' dir='ltr'>ISERN!,</span> <span class='ocrx_word' id='word_1_154' title='bbox 1235 1089 1314 1123; x_wconf 88' lang='lat' dir='ltr'>inde</span> <span class='ocrx_word' id='word_1_155' title='bbox 1340 1100 1360 1123; x_wconf 90' lang='lat' dir='ltr'>a</span> <span class='ocrx_word' id='word_1_156' title='bbox 1386 1089 1420 1123; x_wconf 82' lang='lat' dir='ltr'>S.</span> <span class='ocrx_word' id='word_1_157' title='bbox 1447 1090 1615 1124; x_wconf 79' lang='lat' dir='ltr'>Silvestre</span> <span class='ocrx_word' id='word_1_158' title='bbox 1641 1089 1686 1124; x_wconf 89' lang='lat' dir='ltr'>ad</span> <span class='ocrx_word' id='word_1_159' title='bbox 1711 1090 1776 1124; x_wconf 89' lang='lat' dir='ltr'>Ca—</span> 
     </span>
     <span class='ocr_line' id='line_1_19' title="bbox 117 1135 1777 1182; baseline -0.001 -10"><span class='ocrx_word' id='word_1_160' title='bbox 117 1142 271 1175; x_wconf 80' lang='lat' dir='ltr'>staneza.</span> <span class='ocrx_word' id='word_1_161' title='bbox 298 1149 326 1172; x_wconf 85' lang='lat' dir='ltr'>c.</span> <span class='ocrx_word' id='word_1_162' title='bbox 345 1138 475 1182; x_wconf 90' lang='lat' dir='ltr'>Bermi,</span> <span class='ocrx_word' id='word_1_163' title='bbox 500 1138 657 1178; x_wconf 73' lang='lat' dir='ltr'>Bassire,</span> <span class='ocrx_word' id='word_1_164' title='bbox 682 1137 718 1170; x_wconf 92' lang='lat' dir='ltr'>in</span> <span class='ocrx_word' id='word_1_165' title='bbox 743 1138 834 1172; x_wconf 85' lang='lat' dir='ltr'>valle</span> <span class='ocrx_word' id='word_1_166' title='bbox 859 1138 1057 1181; x_wconf 85' lang='lat' dir='ltr'>Benasque,</span> <span class='ocrx_word' id='word_1_167' title='bbox 1083 1136 1153 1171; x_wconf 79' lang='lat' dir='ltr'>GR.</span> <span class='ocrx_word' id='word_1_168' title='bbox 1179 1135 1322 1180; x_wconf 60' lang='lat' dir='ltr'>GODR„</span> <span class='ocrx_word' id='word_1_169' title='bbox 1346 1135 1479 1181; x_wconf 88' lang='lat' dir='ltr'>ZETT.,</span> <span class='ocrx_word' id='word_1_170' title='bbox 1505 1136 1639 1171; x_wconf 81' lang='lat' dir='ltr'>CSTA.!</span> <span class='ocrx_word' id='word_1_171' title='bbox 1666 1147 1777 1181; x_wconf 89' lang='lat' dir='ltr'>prope</span> 
     </span>
     <span class='ocr_line' id='line_1_20' title="bbox 118 1183 935 1229; baseline 0.001 -12"><span class='ocrx_word' id='word_1_172' title='bbox 118 1183 263 1228; x_wconf 85' lang='lat' dir='ltr'>Sallent,</span> <span class='ocrx_word' id='word_1_173' title='bbox 290 1184 404 1227; x_wconf 74' lang='lat' dir='ltr'>Ass).</span> <span class='ocrx_word' id='word_1_174' title='bbox 438 1205 469 1208; x_wconf 95' lang='lat'>—</span> <span class='ocrx_word' id='word_1_175' title='bbox 506 1193 539 1221; x_wconf 76' lang='grc' dir='ltr'>Δ.</span> <span class='ocrx_word' id='word_1_176' title='bbox 565 1184 784 1228; x_wconf 85' lang='lat' dir='ltr'>Jul.—Sept.</span> <span class='ocrx_word' id='word_1_177' title='bbox 813 1186 855 1229; x_wconf 92' lang='lat' dir='ltr'>(v.</span> <span class='ocrx_word' id='word_1_178' title='bbox 882 1185 935 1229; x_wconf 76' lang='lat' dir='ltr'>s).</span> 
     </span>
    </p>

    <p class='ocr_par' dir='ltr' id='par_1_6' title="bbox 166 1230 781 1275">
     <span class='ocr_line' id='line_1_21' title="bbox 166 1230 781 1275; baseline 0.002 -11"><span class='ocrx_word' id='word_1_179' title='bbox 166 1230 257 1265; x_wconf 85' lang='lat' dir='ltr'>Hah.</span> <span class='ocrx_word' id='word_1_180' title='bbox 286 1231 394 1265; x_wconf 90' lang='lat' dir='ltr'>etiam</span> <span class='ocrx_word' id='word_1_181' title='bbox 417 1231 453 1264; x_wconf 91' lang='lat' dir='ltr'>in</span> <span class='ocrx_word' id='word_1_182' title='bbox 478 1231 607 1275; x_wconf 89' lang='lat' dir='ltr'>Pyren.</span> <span class='ocrx_word' id='word_1_183' title='bbox 634 1231 781 1275; x_wconf 88' lang='lat' dir='ltr'>gallicis.</span> 
     </span>
    </p>
   </div>
   <div class='ocr_carea' id='block_1_5' title="bbox 68 1298 1780 1950">
    <p class='ocr_par' dir='ltr' id='par_1_7' title="bbox 68 1298 1780 1802">
     <span class='ocr_line' id='line_1_22' title="bbox 164 1298 1777 1342; baseline -0.001 -9"><span class='ocrx_word' id='word_1_184' title='bbox 164 1299 265 1334; x_wconf 85' lang='lat'>1686.</span> <span class='ocrx_word' id='word_1_185' title='bbox 317 1301 576 1334; x_wconf 79' lang='lat' dir='ltr'>c..a1bieans</span> <span class='ocrx_word' id='word_1_186' title='bbox 604 1300 691 1335; x_wconf 85' lang='lat' dir='ltr'>WK.</span> <span class='ocrx_word' id='word_1_187' title='bbox 716 1300 844 1341; x_wconf 82' lang='lat' dir='ltr'>Pugill.</span> <span class='ocrx_word' id='word_1_188' title='bbox 871 1311 903 1334; x_wconf 87' lang='lat' dir='ltr'>n.</span> <span class='ocrx_word' id='word_1_189' title='bbox 931 1301 994 1334; x_wconf 80' lang='lat'>33!</span> <span class='ocrx_word' id='word_1_190' title='bbox 1021 1300 1057 1333; x_wconf 92' lang='lat' dir='ltr'>in</span> <span class='ocrx_word' id='word_1_191' title='bbox 1082 1299 1242 1334; x_wconf 85' lang='lat' dir='ltr'>Linnaea</span> <span class='ocrx_word' id='word_1_192' title='bbox 1269 1300 1377 1340; x_wconf 73' lang='lat'>1859,</span> <span class='ocrx_word' id='word_1_193' title='bbox 1411 1311 1444 1342; x_wconf 92' lang='lat' dir='ltr'>p.</span> <span class='ocrx_word' id='word_1_194' title='bbox 1474 1299 1550 1333; x_wconf 87' lang='lat'>109.</span> <span class='ocrx_word' id='word_1_195' title='bbox 1601 1298 1732 1334; x_wconf 86' lang='lat' dir='ltr'>Differt</span> <span class='ocrx_word' id='word_1_196' title='bbox 1756 1308 1777 1332; x_wconf 94' lang='lat' dir='ltr'>a</span> 
     </span>
     <span class='ocr_line' id='line_1_23' title="bbox 69 1345 1778 1391; baseline -0.001 -11"><span class='ocrx_word' id='word_1_197' title='bbox 69 1345 232 1391; x_wconf 87' lang='lat' dir='ltr'>praeced.</span> <span class='ocrx_word' id='word_1_198' title='bbox 260 1347 360 1380; x_wconf 90' lang='lat' dir='ltr'>caule</span> <span class='ocrx_word' id='word_1_199' title='bbox 385 1347 497 1389; x_wconf 85' lang='lat' dir='ltr'>magis</span> <span class='ocrx_word' id='word_1_200' title='bbox 521 1358 671 1389; x_wconf 81' lang='lat' dir='ltr'>ramoso,</span> <span class='ocrx_word' id='word_1_201' title='bbox 696 1347 787 1382; x_wconf 90' lang='lat' dir='ltr'>lobis</span> <span class='ocrx_word' id='word_1_202' title='bbox 804 1347 966 1381; x_wconf 87' lang='lat' dir='ltr'>foliorum</span> <span class='ocrx_word' id='word_1_203' title='bbox 984 1346 1138 1380; x_wconf 88' lang='lat' dir='ltr'>breviter</span> <span class='ocrx_word' id='word_1_204' title='bbox 1157 1346 1319 1390; x_wconf 85' lang='lat' dir='ltr'>spinosis,</span> <span class='ocrx_word' id='word_1_205' title='bbox 1345 1345 1439 1380; x_wconf 80' lang='lat' dir='ltr'>foliis</span> <span class='ocrx_word' id='word_1_206' title='bbox 1458 1346 1602 1380; x_wconf 89' lang='lat' dir='ltr'>summis</span> <span class='ocrx_word' id='word_1_207' title='bbox 1620 1345 1778 1380; x_wconf 85' lang='lat' dir='ltr'>calathia</span> 
     </span>
     <span class='ocr_line' id='line_1_24' title="bbox 70 1392 1779 1438; baseline -0.001 -11"><span class='ocrx_word' id='word_1_208' title='bbox 70 1404 139 1427; x_wconf 89' lang='lat' dir='ltr'>non</span> <span class='ocrx_word' id='word_1_209' title='bbox 174 1392 491 1436; x_wconf 78' lang='lat' dir='ltr'>involucrantibus,</span> <span class='ocrx_word' id='word_1_210' title='bbox 526 1394 755 1437; x_wconf 82' lang='lat' dir='ltr'>abbreviatis,</span> <span class='ocrx_word' id='word_1_211' title='bbox 793 1394 947 1438; x_wconf 88' lang='lat' dir='ltr'>squamis</span> <span class='ocrx_word' id='word_1_212' title='bbox 982 1392 1139 1427; x_wconf 87' lang='lat' dir='ltr'>anthodii</span> <span class='ocrx_word' id='word_1_213' title='bbox 1179 1393 1338 1436; x_wconf 85' lang='lat' dir='ltr'>margine</span> <span class='ocrx_word' id='word_1_214' title='bbox 1371 1392 1779 1436; x_wconf 83' lang='lat' dir='ltr'>arachnoideo-ciliatis,</span> 
     </span>
     <span class='ocr_line' id='line_1_25' title="bbox 68 1439 1780 1485; baseline -0.001 -11"><span class='ocrx_word' id='word_1_215' title='bbox 68 1439 214 1484; x_wconf 76' lang='lat' dir='ltr'>patulis,</span> <span class='ocrx_word' id='word_1_216' title='bbox 240 1439 340 1484; x_wconf 87' lang='lat' dir='ltr'>apice</span> <span class='ocrx_word' id='word_1_217' title='bbox 367 1450 472 1484; x_wconf 89' lang='lat' dir='ltr'>saepe</span> <span class='ocrx_word' id='word_1_218' title='bbox 498 1441 651 1476; x_wconf 84' lang='lat' dir='ltr'>recurvis</span> <span class='ocrx_word' id='word_1_219' title='bbox 670 1441 703 1474; x_wconf 92' lang='lat' dir='ltr'>in</span> <span class='ocrx_word' id='word_1_220' title='bbox 724 1441 898 1485; x_wconf 89' lang='lat' dir='ltr'>spinulam</span> <span class='ocrx_word' id='word_1_221' title='bbox 916 1440 1157 1474; x_wconf 85' lang='lat' dir='ltr'>abbreviatam</span> <span class='ocrx_word' id='word_1_222' title='bbox 1176 1444 1355 1484; x_wconf 89' lang='lat' dir='ltr'>patentem</span> <span class='ocrx_word' id='word_1_223' title='bbox 1374 1439 1627 1481; x_wconf 73' lang='lat' dir='ltr'>desinentibus,</span> <span class='ocrx_word' id='word_1_224' title='bbox 1654 1439 1780 1474; x_wconf 86' lang='lat' dir='ltr'>achae-</span> 
     </span>
     <span class='ocr_line' id='line_1_26' title="bbox 69 1486 1778 1531; baseline -0.001 -11"><span class='ocrx_word' id='word_1_225' title='bbox 69 1486 137 1521; x_wconf 90' lang='lat' dir='ltr'>niis</span> <span class='ocrx_word' id='word_1_226' title='bbox 165 1486 340 1528; x_wconf 72' lang='lat' dir='ltr'>1¹s2—2¹“</span> <span class='ocrx_word' id='word_1_227' title='bbox 366 1487 387 1521; x_wconf 92' lang='lat' dir='ltr'>l.</span> <span class='ocrx_word' id='word_1_228' title='bbox 414 1486 546 1531; x_wconf 83' lang='lat' dir='ltr'>pallide</span> <span class='ocrx_word' id='word_1_229' title='bbox 570 1487 755 1524; x_wconf 80' lang='lat' dir='ltr'>testaceis.</span> <span class='ocrx_word' id='word_1_230' title='bbox 789 1498 908 1531; x_wconf 87' lang='lat' dir='ltr'>pappo</span> <span class='ocrx_word' id='word_1_231' title='bbox 940 1487 1143 1529; x_wconf 87' lang='lat' dir='ltr'>longissimo</span> <span class='ocrx_word' id='word_1_232' title='bbox 1176 1497 1253 1520; x_wconf 82' lang='lat' dir='ltr'>sex-</span> <span class='ocrx_word' id='word_1_233' title='bbox 1285 1486 1521 1530; x_wconf 85' lang='lat' dir='ltr'>septemtuplo</span> <span class='ocrx_word' id='word_1_234' title='bbox 1547 1486 1778 1520; x_wconf 83' lang='lat' dir='ltr'>brevioribus.</span> 
     </span>
     <span class='ocr_line' id='line_1_27' title="bbox 70 1532 1778 1578; baseline -0.001 -11"><span class='ocrx_word' id='word_1_235' title='bbox 70 1552 113 1557; x_wconf 89' lang='lat'>—</span> <span class='ocrx_word' id='word_1_236' title='bbox 141 1533 255 1577; x_wconf 88' lang='lat' dir='ltr'>Stirps</span> <span class='ocrx_word' id='word_1_237' title='bbox 285 1533 599 1578; x_wconf 70' lang='lat' dir='ltr'>1—l¹s2-pedalis,</span> <span class='ocrx_word' id='word_1_238' title='bbox 625 1534 758 1577; x_wconf 81' lang='lat' dir='ltr'>glabra,</span> <span class='ocrx_word' id='word_1_239' title='bbox 784 1533 917 1578; x_wconf 88' lang='lat' dir='ltr'>pallide</span> <span class='ocrx_word' id='word_1_240' title='bbox 943 1535 1070 1577; x_wconf 74' lang='lat' dir='ltr'>virens,</span> <span class='ocrx_word' id='word_1_241' title='bbox 1099 1533 1133 1566; x_wconf 91' lang='lat' dir='ltr'>in</span> <span class='ocrx_word' id='word_1_242' title='bbox 1160 1533 1252 1567; x_wconf 87' lang='lat' dir='ltr'>sicco</span> <span class='ocrx_word' id='word_1_243' title='bbox 1277 1533 1447 1567; x_wconf 80' lang='lat' dir='ltr'>albicans.</span> <span class='ocrx_word' id='word_1_244' title='bbox 1488 1532 1591 1566; x_wconf 87' lang='lat' dir='ltr'>Folia</span> <span class='ocrx_word' id='word_1_245' title='bbox 1617 1533 1778 1567; x_wconf 88' lang='lat' dir='ltr'>coriacea</span> 
     </span>
     <span class='ocr_line' id='line_1_28' title="bbox 68 1579 1777 1625; baseline -0.001 -11"><span class='ocrx_word' id='word_1_246' title='bbox 68 1580 268 1614; x_wconf 87' lang='lat' dir='ltr'>lanceolata</span> <span class='ocrx_word' id='word_1_247' title='bbox 294 1581 669 1625; x_wconf 86' lang='lat' dir='ltr'>sinuato-pinnatifida,</span> <span class='ocrx_word' id='word_1_248' title='bbox 695 1581 833 1615; x_wconf 90' lang='lat' dir='ltr'>laciniis</span> <span class='ocrx_word' id='word_1_249' title='bbox 853 1580 966 1615; x_wconf 90' lang='lat' dir='ltr'>ovatis</span> <span class='ocrx_word' id='word_1_250' title='bbox 984 1580 1159 1623; x_wconf 85' lang='lat' dir='ltr'>(foliorum</span> <span class='ocrx_word' id='word_1_251' title='bbox 1177 1580 1383 1614; x_wconf 86' lang='lat' dir='ltr'>inferiorum</span> <span class='ocrx_word' id='word_1_252' title='bbox 1401 1579 1555 1623; x_wconf 87' lang='lat' dir='ltr'>bilobis),</span> <span class='ocrx_word' id='word_1_253' title='bbox 1582 1579 1777 1624; x_wconf 91' lang='lat' dir='ltr'>spinuloso-</span> 
     </span>
     <span class='ocr_line' id='line_1_29' title="bbox 69 1626 1778 1671; baseline -0.001 -10"><span class='ocrx_word' id='word_1_254' title='bbox 69 1626 198 1662; x_wconf 85' lang='lat' dir='ltr'>ciliatis</span> <span class='ocrx_word' id='word_1_255' title='bbox 224 1631 259 1660; x_wconf 89' lang='lat' dir='ltr'>et</span> <span class='ocrx_word' id='word_1_256' title='bbox 283 1628 384 1670; x_wconf 84' lang='lat' dir='ltr'>spina</span> <span class='ocrx_word' id='word_1_257' title='bbox 408 1627 603 1662; x_wconf 89' lang='lat' dir='ltr'>lutescente</span> <span class='ocrx_word' id='word_1_258' title='bbox 630 1626 807 1671; x_wconf 55' lang='lat' dir='ltr'>Usa—2¹¹¹</span> <span class='ocrx_word' id='word_1_259' title='bbox 833 1627 854 1661; x_wconf 94' lang='lat' dir='ltr'>l.</span> <span class='ocrx_word' id='word_1_260' title='bbox 881 1627 1088 1662; x_wconf 85' lang='lat' dir='ltr'>terminatis.</span> <span class='ocrx_word' id='word_1_261' title='bbox 1131 1627 1296 1661; x_wconf 86' lang='lat' dir='ltr'>Calatbia</span> <span class='ocrx_word' id='word_1_262' title='bbox 1321 1637 1429 1670; x_wconf 86' lang='lat' dir='ltr'>parva</span> <span class='ocrx_word' id='word_1_263' title='bbox 1462 1626 1614 1660; x_wconf 86' lang='lat' dir='ltr'>breviter</span> <span class='ocrx_word' id='word_1_264' title='bbox 1646 1626 1778 1670; x_wconf 87' lang='lat' dir='ltr'>pedun-</span> 
     </span>
     <span class='ocr_line' id='line_1_30' title="bbox 69 1672 1776 1719; baseline -0.001 -12"><span class='ocrx_word' id='word_1_265' title='bbox 69 1674 188 1707; x_wconf 90' lang='lat' dir='ltr'>culata</span> <span class='ocrx_word' id='word_1_266' title='bbox 212 1672 316 1717; x_wconf 86' lang='lat' dir='ltr'>nuda,</span> <span class='ocrx_word' id='word_1_267' title='bbox 341 1674 543 1719; x_wconf 87' lang='lat' dir='ltr'>corymbum</span> <span class='ocrx_word' id='word_1_268' title='bbox 569 1679 790 1718; x_wconf 88' lang='lat' dir='ltr'>compactum</span> <span class='ocrx_word' id='word_1_269' title='bbox 817 1674 1139 1718; x_wconf 83' lang='lat' dir='ltr'>hemisphaericum</span> <span class='ocrx_word' id='word_1_270' title='bbox 1164 1673 1365 1717; x_wconf 82' lang='lat' dir='ltr'>formantia,</span> <span class='ocrx_word' id='word_1_271' title='bbox 1392 1673 1559 1707; x_wconf 90' lang='lat' dir='ltr'>anthodio</span> <span class='ocrx_word' id='word_1_272' title='bbox 1585 1679 1686 1707; x_wconf 84' lang='lat' dir='ltr'>ovato</span> <span class='ocrx_word' id='word_1_273' title='bbox 1712 1673 1776 1707; x_wconf 90' lang='lat' dir='ltr'>sub</span> 
     </span>
     <span class='ocr_line' id='line_1_31' title="bbox 68 1720 1774 1765; baseline 0.001 -12"><span class='ocrx_word' id='word_1_274' title='bbox 68 1720 208 1754; x_wconf 88' lang='lat' dir='ltr'>anthesi</span> <span class='ocrx_word' id='word_1_275' title='bbox 233 1720 360 1754; x_wconf 80' lang='lat'><strong><em>5—6“¹</em></strong></span> <span class='ocrx_word' id='word_1_276' title='bbox 385 1720 406 1754; x_wconf 92' lang='lat' dir='ltr'>l.</span> <span class='ocrx_word' id='word_1_277' title='bbox 457 1721 631 1764; x_wconf 78' lang='lat' dir='ltr'>Squamae</span> <span class='ocrx_word' id='word_1_278' title='bbox 665 1722 728 1756; x_wconf 92' lang='lat' dir='ltr'>sub</span> <span class='ocrx_word' id='word_1_279' title='bbox 761 1721 861 1765; x_wconf 84' lang='lat' dir='ltr'>apice</span> <span class='ocrx_word' id='word_1_280' title='bbox 895 1721 1094 1755; x_wconf 82' lang='lat' dir='ltr'>callositate</span> <span class='ocrx_word' id='word_1_281' title='bbox 1126 1720 1252 1754; x_wconf 85' lang='lat' dir='ltr'>lineari</span> <span class='ocrx_word' id='word_1_282' title='bbox 1284 1720 1481 1763; x_wconf 80' lang='lat' dir='ltr'>nigricante</span> <span class='ocrx_word' id='word_1_283' title='bbox 1507 1732 1535 1753; x_wconf 84' lang='lat' dir='ltr'>v.</span> <span class='ocrx_word' id='word_1_284' title='bbox 1561 1720 1774 1754; x_wconf 82' lang='lat' dir='ltr'>violascente</span> 
     </span>
     <span class='ocr_line' id='line_1_32' title="bbox 68 1766 625 1802; baseline 0.002 -2"><span class='ocrx_word' id='word_1_285' title='bbox 68 1766 237 1802; x_wconf 88' lang='lat' dir='ltr'>munitae.</span> <span class='ocrx_word' id='word_1_286' title='bbox 288 1766 449 1801; x_wconf 88' lang='lat' dir='ltr'>Corollae</span> <span class='ocrx_word' id='word_1_287' title='bbox 475 1767 625 1802; x_wconf 86' lang='lat' dir='ltr'>albidae.</span> 
     </span>
    </p>

    <p class='ocr_par' dir='ltr' id='par_1_8' title="bbox 162 1812 1777 1858">
     <span class='ocr_line' id='line_1_33' title="bbox 162 1812 1777 1858; baseline 0.001 -12"><span class='ocrx_word' id='word_1_288' title='bbox 162 1813 203 1846; x_wconf 91' lang='lat' dir='ltr'>In</span> <span class='ocrx_word' id='word_1_289' title='bbox 235 1812 429 1858; x_wconf 88' lang='lat' dir='ltr'>ruderatis,</span> <span class='ocrx_word' id='word_1_290' title='bbox 464 1813 508 1848; x_wconf 87' lang='lat' dir='ltr'>ad</span> <span class='ocrx_word' id='word_1_291' title='bbox 540 1813 656 1849; x_wconf 86' lang='lat' dir='ltr'>fossas</span> <span class='ocrx_word' id='word_1_292' title='bbox 681 1813 835 1856; x_wconf 82' lang='lat' dir='ltr'>regionis</span> <span class='ocrx_word' id='word_1_293' title='bbox 859 1819 1047 1849; x_wconf 83' lang='lat' dir='ltr'>montanae</span> <span class='ocrx_word' id='word_1_294' title='bbox 1072 1813 1172 1856; x_wconf 86' lang='lat' dir='ltr'>regni</span> <span class='ocrx_word' id='word_1_295' title='bbox 1197 1812 1429 1847; x_wconf 88' lang='lat' dir='ltr'>Granatensis</span> <span class='ocrx_word' id='word_1_296' title='bbox 1454 1813 1585 1856; x_wconf 87' lang='lat' dir='ltr'>passim</span> <span class='ocrx_word' id='word_1_297' title='bbox 1613 1812 1670 1855; x_wconf 88' lang='lat' dir='ltr'>(ad</span> <span class='ocrx_word' id='word_1_298' title='bbox 1696 1822 1777 1856; x_wconf 85' lang='lat' dir='ltr'>pag.</span> 
     </span>
    </p>

    <p class='ocr_par' dir='ltr' id='par_1_9' title="bbox 116 1858 1777 1950">
     <span class='ocr_line' id='line_1_34' title="bbox 116 1858 1777 1904; baseline 0 -11"><span class='ocrx_word' id='word_1_299' title='bbox 116 1858 235 1893; x_wconf 87' lang='lat' dir='ltr'>Cullar</span> <span class='ocrx_word' id='word_1_300' title='bbox 260 1859 302 1893; x_wconf 90' lang='lat' dir='ltr'>de</span> <span class='ocrx_word' id='word_1_301' title='bbox 327 1860 424 1894; x_wconf 86' lang='lat' dir='ltr'>Baza</span> <span class='ocrx_word' id='word_1_302' title='bbox 449 1865 484 1894; x_wconf 92' lang='lat' dir='ltr'>et</span> <span class='ocrx_word' id='word_1_303' title='bbox 507 1860 592 1894; x_wconf 89' lang='lat' dir='ltr'>alibi</span> <span class='ocrx_word' id='word_1_304' title='bbox 618 1870 682 1904; x_wconf 83' lang='lat' dir='ltr'>pei·</span> <span class='ocrx_word' id='word_1_305' title='bbox 707 1871 852 1903; x_wconf 89' lang='lat' dir='ltr'>regnum</span> <span class='ocrx_word' id='word_1_306' title='bbox 878 1859 1024 1895; x_wconf 85' lang='lat' dir='ltr'>Granat.</span> <span class='ocrx_word' id='word_1_307' title='bbox 1055 1860 1246 1902; x_wconf 85' lang='lat' dir='ltr'>orientale,</span> <span class='ocrx_word' id='word_1_308' title='bbox 1282 1858 1326 1893; x_wconf 91' lang='lat' dir='ltr'>ad</span> <span class='ocrx_word' id='word_1_309' title='bbox 1358 1859 1418 1894; x_wconf 88' lang='lat' dir='ltr'>alt.</span> <span class='ocrx_word' id='word_1_310' title='bbox 1446 1860 1632 1902; x_wconf 66' lang='lat'>3-4000‘,</span> <span class='ocrx_word' id='word_1_311' title='bbox 1661 1858 1777 1903; x_wconf 85' lang='lat' dir='ltr'>WK.).</span> 
     </span>
     <span class='ocr_line' id='line_1_35' title="bbox 119 1905 500 1950; baseline 0 -10"><span class='ocrx_word' id='word_1_312' title='bbox 119 1925 156 1930; x_wconf 93' lang='lat'>—</span> <span class='ocrx_word' id='word_1_313' title='bbox 190 1906 241 1945; x_wconf 62' lang='lat'>21?</span> <span class='ocrx_word' id='word_1_314' title='bbox 265 1905 361 1940; x_wconf 80' lang='lat' dir='ltr'>Julio</span> <span class='ocrx_word' id='word_1_315' title='bbox 388 1908 429 1950; x_wconf 90' lang='lat' dir='ltr'>(v.</span> <span class='ocrx_word' id='word_1_316' title='bbox 456 1906 500 1949; x_wconf 86' lang='lat' dir='ltr'>V.)</span> 
     </span>
    </p>
   </div>
   <div class='ocr_carea' id='block_1_6' title="bbox 67 1973 1778 3091">
    <p class='ocr_par' dir='ltr' id='par_1_10' title="bbox 67 1973 1778 2626">
     <span class='ocr_line' id='line_1_36' title="bbox 164 1973 1774 2019; baseline 0.001 -11"><span class='ocrx_word' id='word_1_317' title='bbox 164 1975 266 2009; x_wconf 80' lang='lat'>1687.</span> <span class='ocrx_word' id='word_1_318' title='bbox 302 1977 346 2009; x_wconf 80' lang='grc' dir='ltr'>Ο.</span> <span class='ocrx_word' id='word_1_319' title='bbox 372 1973 561 2010; x_wconf 82' lang='lat' dir='ltr'>rivulare</span> <span class='ocrx_word' id='word_1_320' title='bbox 586 1974 659 2009; x_wconf 86' lang='lat' dir='ltr'>LK.</span> <span class='ocrx_word' id='word_1_321' title='bbox 686 1975 812 2010; x_wconf 88' lang='lat' dir='ltr'>Enum.</span> <span class='ocrx_word' id='word_1_322' title='bbox 839 1975 873 2010; x_wconf 90' lang='lat' dir='ltr'>h.</span> <span class='ocrx_word' id='word_1_323' title='bbox 903 1975 1020 2010; x_wconf 84' lang='lat' dir='ltr'>Berol.</span> <span class='ocrx_word' id='word_1_324' title='bbox 1047 1974 1094 2017; x_wconf 68' lang='grc' dir='ltr'>ΙΙ,</span> <span class='ocrx_word' id='word_1_325' title='bbox 1121 1987 1154 2019; x_wconf 88' lang='lat' dir='ltr'>p.</span> <span class='ocrx_word' id='word_1_326' title='bbox 1174 1976 1252 2008; x_wconf 85' lang='lat'>301.</span> <span class='ocrx_word' id='word_1_327' title='bbox 1277 1973 1348 2008; x_wconf 84' lang='lat' dir='ltr'>GR.</span> <span class='ocrx_word' id='word_1_328' title='bbox 1376 1973 1504 2009; x_wconf 82' lang='lat' dir='ltr'>GODR.</span> <span class='ocrx_word' id='word_1_329' title='bbox 1533 1975 1554 2008; x_wconf 92' lang='lat' dir='ltr'>l.</span> <span class='ocrx_word' id='word_1_330' title='bbox 1580 1985 1607 2009; x_wconf 89' lang='lat' dir='ltr'>c.</span> <span class='ocrx_word' id='word_1_331' title='bbox 1635 1987 1667 2019; x_wconf 90' lang='lat' dir='ltr'>p.</span> <span class='ocrx_word' id='word_1_332' title='bbox 1689 1975 1774 2009; x_wconf 82' lang='lat'>219!</span> 
     </span>
     <span class='ocr_line' id='line_1_37' title="bbox 70 2020 1778 2066; baseline 0 -11"><span class='ocrx_word' id='word_1_333' title='bbox 70 2021 198 2055; x_wconf 84' lang='lat' dir='ltr'>RCHB.</span> <span class='ocrx_word' id='word_1_334' title='bbox 219 2022 265 2056; x_wconf 90' lang='lat' dir='ltr'>Ic.</span> <span class='ocrx_word' id='word_1_335' title='bbox 292 2021 314 2056; x_wconf 94' lang='lat' dir='ltr'>l.</span> <span class='ocrx_word' id='word_1_336' title='bbox 333 2033 362 2056; x_wconf 87' lang='lat' dir='ltr'>c.</span> <span class='ocrx_word' id='word_1_337' title='bbox 388 2027 411 2056; x_wconf 93' lang='lat' dir='ltr'>t.</span> <span class='ocrx_word' id='word_1_338' title='bbox 433 2024 515 2056; x_wconf 73' lang='lat'>104!</span> <span class='ocrx_word' id='word_1_339' title='bbox 540 2022 589 2065; x_wconf 84' lang='lat' dir='ltr'>(C.</span> <span class='ocrx_word' id='word_1_340' title='bbox 615 2021 880 2066; x_wconf 88' lang='lat' dir='ltr'>tricephalodes</span> <span class='ocrx_word' id='word_1_341' title='bbox 906 2022 976 2056; x_wconf 89' lang='lat' dir='ltr'>DC.</span> <span class='ocrx_word' id='word_1_342' title='bbox 1003 2021 1057 2056; x_wconf 90' lang='lat' dir='ltr'>Fl.</span> <span class='ocrx_word' id='word_1_343' title='bbox 1084 2021 1139 2063; x_wconf 84' lang='lat' dir='ltr'>fr.,</span> <span class='ocrx_word' id='word_1_344' title='bbox 1166 2020 1326 2056; x_wconf 85' lang='lat' dir='ltr'>Carduus</span> <span class='ocrx_word' id='word_1_345' title='bbox 1352 2021 1613 2066; x_wconf 85' lang='lat' dir='ltr'>tricephalodes</span> <span class='ocrx_word' id='word_1_346' title='bbox 1631 2021 1778 2065; x_wconf 85' lang='lat' dir='ltr'>LAMK.,</span> 
     </span>
     <span class='ocr_line' id='line_1_38' title="bbox 69 2067 1777 2113; baseline 0.001 -12"><span class='ocrx_word' id='word_1_347' title='bbox 69 2068 103 2102; x_wconf 90' lang='lat' dir='ltr'>C.</span> <span class='ocrx_word' id='word_1_348' title='bbox 131 2067 347 2103; x_wconf 85' lang='lat' dir='ltr'>Erisithales</span> <span class='ocrx_word' id='word_1_349' title='bbox 374 2069 496 2111; x_wconf 58' lang='lat' dir='ltr'><strong>VILL„</strong></span> <span class='ocrx_word' id='word_1_350' title='bbox 523 2068 659 2113; x_wconf 86' lang='lat' dir='ltr'>COLM.,</span> <span class='ocrx_word' id='word_1_351' title='bbox 686 2080 754 2102; x_wconf 89' lang='lat' dir='ltr'>non</span> <span class='ocrx_word' id='word_1_352' title='bbox 781 2069 907 2112; x_wconf 85' lang='lat' dir='ltr'>SCOP.,</span> <span class='ocrx_word' id='word_1_353' title='bbox 934 2068 968 2103; x_wconf 80' lang='lat' dir='ltr'>G.</span> <span class='ocrx_word' id='word_1_354' title='bbox 996 2069 1184 2103; x_wconf 77' lang='lat' dir='ltr'>tuberosus</span> <span class='ocrx_word' id='word_1_355' title='bbox 1202 2068 1357 2102; x_wconf 84' lang='lat' dir='ltr'>POURR.</span> <span class='ocrx_word' id='word_1_356' title='bbox 1384 2079 1452 2102; x_wconf 89' lang='lat' dir='ltr'>non</span> <span class='ocrx_word' id='word_1_357' title='bbox 1473 2068 1526 2111; x_wconf 58' lang='lat' dir='ltr'>L„</span> <span class='ocrx_word' id='word_1_358' title='bbox 1553 2068 1588 2102; x_wconf 83' lang='lat' dir='ltr'>C.</span> <span class='ocrx_word' id='word_1_359' title='bbox 1614 2068 1777 2103; x_wconf 85' lang='lat' dir='ltr'>rivularis</span> 
     </span>
     <span class='ocr_line' id='line_1_39' title="bbox 70 2114 1777 2159; baseline 0 -11"><span class='ocrx_word' id='word_1_360' title='bbox 70 2114 228 2158; x_wconf 75' lang='lat' dir='ltr'>JACQU..</span> <span class='ocrx_word' id='word_1_361' title='bbox 256 2115 382 2150; x_wconf 87' lang='lat' dir='ltr'>Cnicus</span> <span class='ocrx_word' id='word_1_362' title='bbox 408 2115 573 2150; x_wconf 84' lang='lat' dir='ltr'>rivularis</span> <span class='ocrx_word' id='word_1_363' title='bbox 600 2114 672 2158; x_wconf 87' lang='lat' dir='ltr'>W.)</span> <span class='ocrx_word' id='word_1_364' title='bbox 723 2115 948 2159; x_wconf 76' lang='lat' dir='ltr'>Subinerme,</span> <span class='ocrx_word' id='word_1_365' title='bbox 975 2115 1075 2150; x_wconf 88' lang='lat' dir='ltr'>caule</span> <span class='ocrx_word' id='word_1_366' title='bbox 1101 2120 1217 2149; x_wconf 89' lang='lat' dir='ltr'>erecto</span> <span class='ocrx_word' id='word_1_367' title='bbox 1244 2115 1347 2148; x_wconf 77' lang='lat'>2—3‘</span> <span class='ocrx_word' id='word_1_368' title='bbox 1373 2115 1415 2159; x_wconf 85' lang='lat' dir='ltr'>l.,</span> <span class='ocrx_word' id='word_1_369' title='bbox 1442 2115 1681 2159; x_wconf 77' lang='lat' dir='ltr'>subsimplici,</span> <span class='ocrx_word' id='word_1_370' title='bbox 1708 2115 1777 2150; x_wconf 91' lang='lat' dir='ltr'>sul-</span> 
     </span>
     <span class='ocr_line' id='line_1_40' title="bbox 68 2162 1778 2206; baseline 0 -11"><span class='ocrx_word' id='word_1_371' title='bbox 68 2162 350 2205; x_wconf 80' lang='lat' dir='ltr'>cato-angulato,</span> <span class='ocrx_word' id='word_1_372' title='bbox 388 2172 578 2206; x_wconf 87' lang='lat' dir='ltr'>araneoso,</span> <span class='ocrx_word' id='word_1_373' title='bbox 610 2162 692 2196; x_wconf 87' lang='lat' dir='ltr'>inde</span> <span class='ocrx_word' id='word_1_374' title='bbox 724 2173 745 2196; x_wconf 87' lang='lat' dir='ltr'>a</span> <span class='ocrx_word' id='word_1_375' title='bbox 776 2162 891 2196; x_wconf 88' lang='lat' dir='ltr'>medio</span> <span class='ocrx_word' id='word_1_376' title='bbox 927 2162 1105 2205; x_wconf 81' lang='lat' dir='ltr'>subnudo,</span> <span class='ocrx_word' id='word_1_377' title='bbox 1138 2162 1239 2206; x_wconf 83' lang='lat' dir='ltr'>apice</span> <span class='ocrx_word' id='word_1_378' title='bbox 1271 2162 1531 2206; x_wconf 71' lang='lat' dir='ltr'>2-—4-cephalo</span> <span class='ocrx_word' id='word_1_379' title='bbox 1556 2172 1636 2197; x_wconf 88' lang='lat' dir='ltr'>raro</span> <span class='ocrx_word' id='word_1_380' title='bbox 1661 2173 1778 2196; x_wconf 89' lang='lat' dir='ltr'>mono—</span> 
     </span>
     <span class='ocr_line' id='line_1_41' title="bbox 71 2208 1778 2253; baseline -0.001 -11"><span class='ocrx_word' id='word_1_381' title='bbox 71 2208 238 2252; x_wconf 76' lang='lat' dir='ltr'>cepha103</span> <span class='ocrx_word' id='word_1_382' title='bbox 274 2208 367 2243; x_wconf 87' lang='lat' dir='ltr'>foliis</span> <span class='ocrx_word' id='word_1_383' title='bbox 394 2219 501 2253; x_wconf 88' lang='lat' dir='ltr'>supra</span> <span class='ocrx_word' id='word_1_384' title='bbox 527 2209 676 2243; x_wconf 89' lang='lat' dir='ltr'>obscure</span> <span class='ocrx_word' id='word_1_385' title='bbox 703 2209 897 2243; x_wconf 90' lang='lat' dir='ltr'>virentibus</span> <span class='ocrx_word' id='word_1_386' title='bbox 923 2209 1054 2252; x_wconf 82' lang='lat' dir='ltr'>glabris</span> <span class='ocrx_word' id='word_1_387' title='bbox 1082 2209 1206 2243; x_wconf 87' lang='lat' dir='ltr'>subtus</span> <span class='ocrx_word' id='word_1_388' title='bbox 1231 2208 1477 2253; x_wconf 83' lang='lat' dir='ltr'>pallidioribus</span> <span class='ocrx_word' id='word_1_389' title='bbox 1502 2209 1701 2253; x_wconf 59' lang='lat' dir='ltr'>puberulis„</span> <span class='ocrx_word' id='word_1_390' title='bbox 1726 2208 1778 2242; x_wconf 93' lang='lat' dir='ltr'>in-</span> 
     </span>
     <span class='ocr_line' id='line_1_42' title="bbox 70 2254 1777 2299; baseline 0.001 -11"><span class='ocrx_word' id='word_1_391' title='bbox 70 2254 265 2298; x_wconf 86' lang='lat' dir='ltr'>aequaliter</span> <span class='ocrx_word' id='word_1_392' title='bbox 289 2255 513 2299; x_wconf 86' lang='lat' dir='ltr'>tenuiterque</span> <span class='ocrx_word' id='word_1_393' title='bbox 540 2256 884 2299; x_wconf 85' lang='lat' dir='ltr'>spinuloso-ciliatis,</span> <span class='ocrx_word' id='word_1_394' title='bbox 919 2256 1069 2290; x_wconf 87' lang='lat' dir='ltr'>circuitu</span> <span class='ocrx_word' id='word_1_395' title='bbox 1095 2255 1488 2297; x_wconf 78' lang='lat' dir='ltr'>oblongo-lanceolatis‚</span> <span class='ocrx_word' id='word_1_396' title='bbox 1520 2256 1622 2290; x_wconf 89' lang='lat' dir='ltr'>modo</span> <span class='ocrx_word' id='word_1_397' title='bbox 1653 2256 1777 2290; x_wconf 91' lang='lat' dir='ltr'>inciso-</span> 
     </span>
     <span class='ocr_line' id='line_1_43' title="bbox 68 2300 1777 2346; baseline 0 -11"><span class='ocrx_word' id='word_1_398' title='bbox 68 2300 222 2335; x_wconf 86' lang='lat' dir='ltr'>dentatis</span> <span class='ocrx_word' id='word_1_399' title='bbox 255 2301 357 2336; x_wconf 85' lang='lat' dir='ltr'>modo</span> <span class='ocrx_word' id='word_1_400' title='bbox 391 2301 611 2346; x_wconf 88' lang='lat' dir='ltr'>pinnatifidis</span> <span class='ocrx_word' id='word_1_401' title='bbox 644 2314 673 2336; x_wconf 76' lang='lat' dir='ltr'>V.</span> <span class='ocrx_word' id='word_1_402' title='bbox 700 2302 1000 2346; x_wconf 76' lang='lat' dir='ltr'>pinnatipartitis,</span> <span class='ocrx_word' id='word_1_403' title='bbox 1035 2302 1172 2337; x_wconf 89' lang='lat' dir='ltr'>laciniis</span> <span class='ocrx_word' id='word_1_404' title='bbox 1205 2302 1590 2345; x_wconf 86' lang='lat' dir='ltr'>oblongo-lanceolatis</span> <span class='ocrx_word' id='word_1_405' title='bbox 1625 2302 1777 2336; x_wconf 88' lang='lat' dir='ltr'>dentatis</span> 
     </span>
     <span class='ocr_line' id='line_1_44' title="bbox 69 2347 1778 2393; baseline 0 -12"><span class='ocrx_word' id='word_1_406' title='bbox 69 2347 339 2391; x_wconf 82' lang='lat' dir='ltr'>patentissimis,</span> <span class='ocrx_word' id='word_1_407' title='bbox 365 2348 591 2383; x_wconf 89' lang='lat' dir='ltr'>inferioribus</span> <span class='ocrx_word' id='word_1_408' title='bbox 616 2349 652 2382; x_wconf 93' lang='lat' dir='ltr'>in</span> <span class='ocrx_word' id='word_1_409' title='bbox 676 2349 847 2393; x_wconf 87' lang='lat' dir='ltr'>petiolum</span> <span class='ocrx_word' id='word_1_410' title='bbox 871 2349 1006 2384; x_wconf 86' lang='lat' dir='ltr'>alatum</span> <span class='ocrx_word' id='word_1_411' title='bbox 1030 2349 1108 2383; x_wconf 88' lang='lat' dir='ltr'>basi</span> <span class='ocrx_word' id='word_1_412' title='bbox 1135 2348 1428 2392; x_wconf 85' lang='lat' dir='ltr'>amplexicaulem</span> <span class='ocrx_word' id='word_1_413' title='bbox 1447 2349 1650 2391; x_wconf 75' lang='lat' dir='ltr'>attenuatis.</span> <span class='ocrx_word' id='word_1_414' title='bbox 1676 2357 1778 2392; x_wconf 90' lang='lat' dir='ltr'>supe-</span> 
     </span>
     <span class='ocr_line' id='line_1_45' title="bbox 67 2394 1777 2440; baseline 0.001 -13"><span class='ocrx_word' id='word_1_415' title='bbox 67 2394 219 2427; x_wconf 88' lang='lat' dir='ltr'>rioribus</span> <span class='ocrx_word' id='word_1_416' title='bbox 251 2394 434 2429; x_wconf 89' lang='lat' dir='ltr'>sessilibus</span> <span class='ocrx_word' id='word_1_417' title='bbox 469 2395 1034 2440; x_wconf 82' lang='lat' dir='ltr'>auriculato-amplexicaulibus3</span> <span class='ocrx_word' id='word_1_418' title='bbox 1072 2395 1237 2430; x_wconf 90' lang='lat' dir='ltr'>calathiis</span> <span class='ocrx_word' id='word_1_419' title='bbox 1269 2395 1521 2430; x_wconf 85' lang='lat' dir='ltr'>subsessilibus</span> <span class='ocrx_word' id='word_1_420' title='bbox 1562 2395 1777 2439; x_wconf 81' lang='lat' dir='ltr'>aggregatis,</span> 
     </span>
     <span class='ocr_line' id='line_1_46' title="bbox 69 2439 1777 2486; baseline 0.001 -12"><span class='ocrx_word' id='word_1_421' title='bbox 69 2439 230 2474; x_wconf 81' lang='lat' dir='ltr'>anthedii</span> <span class='ocrx_word' id='word_1_422' title='bbox 257 2441 515 2483; x_wconf 88' lang='lat' dir='ltr'>ovato-globosi</span> <span class='ocrx_word' id='word_1_423' title='bbox 540 2442 618 2476; x_wconf 87' lang='lat' dir='ltr'>basi</span> <span class='ocrx_word' id='word_1_424' title='bbox 644 2441 803 2486; x_wconf 88' lang='lat' dir='ltr'>depressi</span> <span class='ocrx_word' id='word_1_425' title='bbox 831 2441 938 2483; x_wconf 73' lang='lat' dir='ltr'>³l—1“l-</span> <span class='ocrx_word' id='word_1_426' title='bbox 966 2442 1121 2486; x_wconf 84' lang='lat' dir='ltr'>squamis</span> <span class='ocrx_word' id='word_1_427' title='bbox 1147 2442 1327 2485; x_wconf 90' lang='lat' dir='ltr'>adpressis</span> <span class='ocrx_word' id='word_1_428' title='bbox 1343 2454 1372 2475; x_wconf 93' lang='lat' dir='ltr'>v.</span> <span class='ocrx_word' id='word_1_429' title='bbox 1392 2442 1491 2484; x_wconf 83' lang='lat' dir='ltr'>apice</span> <span class='ocrx_word' id='word_1_430' title='bbox 1510 2441 1777 2485; x_wconf 86' lang='lat' dir='ltr'>erecto-patulis</span> 
     </span>
     <span class='ocr_line' id='line_1_47' title="bbox 69 2486 1777 2533; baseline 0.002 -14"><span class='ocrx_word' id='word_1_431' title='bbox 69 2486 201 2529; x_wconf 88' lang='lat' dir='ltr'>glabris</span> <span class='ocrx_word' id='word_1_432' title='bbox 235 2486 419 2529; x_wconf 83' lang='lat' dir='ltr'>ciliolatis,</span> <span class='ocrx_word' id='word_1_433' title='bbox 454 2487 557 2522; x_wconf 90' lang='lat' dir='ltr'>dorso</span> <span class='ocrx_word' id='word_1_434' title='bbox 590 2488 653 2522; x_wconf 87' lang='lat' dir='ltr'>sub</span> <span class='ocrx_word' id='word_1_435' title='bbox 684 2488 784 2533; x_wconf 86' lang='lat' dir='ltr'>apice</span> <span class='ocrx_word' id='word_1_436' title='bbox 818 2488 1016 2523; x_wconf 84' lang='lat' dir='ltr'>callositate</span> <span class='ocrx_word' id='word_1_437' title='bbox 1051 2489 1201 2531; x_wconf 87' lang='lat' dir='ltr'>oblonga</span> <span class='ocrx_word' id='word_1_438' title='bbox 1234 2488 1369 2522; x_wconf 85' lang='lat' dir='ltr'>viscosa</span> <span class='ocrx_word' id='word_1_439' title='bbox 1400 2488 1595 2531; x_wconf 88' lang='lat' dir='ltr'>nigricante</span> <span class='ocrx_word' id='word_1_440' title='bbox 1621 2488 1777 2532; x_wconf 82' lang='lat' dir='ltr'>munitis,</span> 
     </span>
     <span class='ocr_line' id='line_1_48' title="bbox 69 2532 1777 2579; baseline 0 -12"><span class='ocrx_word' id='word_1_441' title='bbox 69 2532 303 2567; x_wconf 85' lang='lat' dir='ltr'>exterioribus</span> <span class='ocrx_word' id='word_1_442' title='bbox 332 2533 538 2568; x_wconf 78' lang='lat' dir='ltr'>lanceolatis</span> <span class='ocrx_word' id='word_1_443' title='bbox 563 2534 599 2568; x_wconf 92' lang='lat' dir='ltr'>in</span> <span class='ocrx_word' id='word_1_444' title='bbox 627 2535 803 2578; x_wconf 89' lang='lat' dir='ltr'>spinulam</span> <span class='ocrx_word' id='word_1_445' title='bbox 828 2535 1071 2569; x_wconf 84' lang='lat' dir='ltr'>abbreviatam</span> <span class='ocrx_word' id='word_1_446' title='bbox 1088 2535 1229 2568; x_wconf 86' lang='lat' dir='ltr'>mollem</span> <span class='ocrx_word' id='word_1_447' title='bbox 1249 2534 1510 2579; x_wconf 71' lang='lat' dir='ltr'>desi11entibus3</span> <span class='ocrx_word' id='word_1_448' title='bbox 1539 2534 1679 2569; x_wconf 89' lang='lat' dir='ltr'>corollis</span> <span class='ocrx_word' id='word_1_449' title='bbox 1697 2546 1777 2579; x_wconf 88' lang='lat' dir='ltr'>pur-</span> 
     </span>
     <span class='ocr_line' id='line_1_49' title="bbox 67 2579 1401 2626; baseline 0.001 -13"><span class='ocrx_word' id='word_1_450' title='bbox 67 2579 199 2624; x_wconf 88' lang='lat' dir='ltr'>pureis,</span> <span class='ocrx_word' id='word_1_451' title='bbox 225 2579 407 2614; x_wconf 88' lang='lat' dir='ltr'>achaeniis</span> <span class='ocrx_word' id='word_1_452' title='bbox 434 2580 593 2621; x_wconf 84' lang='lat' dir='ltr'>oblongis</span> <span class='ocrx_word' id='word_1_453' title='bbox 618 2581 871 2616; x_wconf 85' lang='lat' dir='ltr'>lutescentibus</span> <span class='ocrx_word' id='word_1_454' title='bbox 896 2593 1014 2626; x_wconf 89' lang='lat' dir='ltr'>pappo</span> <span class='ocrx_word' id='word_1_455' title='bbox 1040 2582 1147 2625; x_wconf 88' lang='lat' dir='ltr'>triplo</span> <span class='ocrx_word' id='word_1_456' title='bbox 1171 2581 1401 2615; x_wconf 87' lang='lat' dir='ltr'>brevioribus.</span> 
     </span>
    </p>

    <p class='ocr_par' dir='ltr' id='par_1_11' title="bbox 115 2625 1775 2763">
     <span class='ocr_line' id='line_1_50' title="bbox 163 2625 1775 2671; baseline 0.001 -12"><span class='ocrx_word' id='word_1_457' title='bbox 163 2626 204 2659; x_wconf 92' lang='lat' dir='ltr'>In</span> <span class='ocrx_word' id='word_1_458' title='bbox 236 2625 408 2669; x_wconf 87' lang='lat' dir='ltr'>humidis,</span> <span class='ocrx_word' id='word_1_459' title='bbox 444 2626 488 2660; x_wconf 83' lang='lat' dir='ltr'>ad</span> <span class='ocrx_word' id='word_1_460' title='bbox 522 2628 613 2661; x_wconf 89' lang='lat' dir='ltr'>rivos</span> <span class='ocrx_word' id='word_1_461' title='bbox 646 2628 797 2670; x_wconf 83' lang='lat' dir='ltr'>regionis</span> <span class='ocrx_word' id='word_1_462' title='bbox 831 2633 1017 2663; x_wconf 85' lang='lat' dir='ltr'>montanae</span> <span class='ocrx_word' id='word_1_463' title='bbox 1045 2628 1273 2661; x_wconf 81' lang='lat' dir='ltr'>Catalauniae</span> <span class='ocrx_word' id='word_1_464' title='bbox 1306 2628 1355 2671; x_wconf 73' lang='lat' dir='ltr'>(in</span> <span class='ocrx_word' id='word_1_465' title='bbox 1387 2628 1500 2671; x_wconf 85' lang='lat' dir='ltr'>pratis</span> <span class='ocrx_word' id='word_1_466' title='bbox 1530 2639 1582 2671; x_wconf 87' lang='lat' dir='ltr'>pr.</span> <span class='ocrx_word' id='word_1_467' title='bbox 1609 2627 1775 2669; x_wconf 82' lang='lat' dir='ltr'>Cabrera,</span> 
     </span>
     <span class='ocr_line' id='line_1_51' title="bbox 115 2673 1775 2718; baseline 0 -11"><span class='ocrx_word' id='word_1_468' title='bbox 115 2673 232 2707; x_wconf 86' lang='lat' dir='ltr'>SALV.</span> <span class='ocrx_word' id='word_1_469' title='bbox 259 2678 349 2707; x_wconf 84' lang='lat' dir='ltr'>teste</span> <span class='ocrx_word' id='word_1_470' title='bbox 375 2673 505 2717; x_wconf 83' lang='lat' dir='ltr'>CSTA.)</span> <span class='ocrx_word' id='word_1_471' title='bbox 539 2679 573 2708; x_wconf 87' lang='lat' dir='ltr'>et</span> <span class='ocrx_word' id='word_1_472' title='bbox 606 2673 806 2717; x_wconf 88' lang='lat' dir='ltr'>Aragoniae</span> <span class='ocrx_word' id='word_1_473' title='bbox 841 2675 899 2718; x_wconf 87' lang='lat' dir='ltr'>(ad</span> <span class='ocrx_word' id='word_1_474' title='bbox 932 2675 1063 2708; x_wconf 80' lang='lat' dir='ltr'>rivulos</span> <span class='ocrx_word' id='word_1_475' title='bbox 1096 2685 1206 2718; x_wconf 86' lang='lat' dir='ltr'>prope</span> <span class='ocrx_word' id='word_1_476' title='bbox 1239 2674 1375 2709; x_wconf 86' lang='lat' dir='ltr'>Sallent</span> <span class='ocrx_word' id='word_1_477' title='bbox 1406 2675 1483 2709; x_wconf 88' lang='lat' dir='ltr'>loco</span> <span class='ocrx_word' id='word_1_478' title='bbox 1517 2675 1548 2707; x_wconf 90' lang='lat' dir='ltr'>el</span> <span class='ocrx_word' id='word_1_479' title='bbox 1581 2674 1775 2717; x_wconf 79' lang='lat' dir='ltr'>Formigal.</span> 
     </span>
     <span class='ocr_line' id='line_1_52' title="bbox 115 2719 736 2763; baseline 0 -10"><span class='ocrx_word' id='word_1_480' title='bbox 115 2719 228 2762; x_wconf 58' lang='lat' dir='ltr'>Ass).</span> <span class='ocrx_word' id='word_1_481' title='bbox 255 2739 299 2744; x_wconf 84' lang='lat'>--</span> <span class='ocrx_word' id='word_1_482' title='bbox 327 2727 362 2759; x_wconf 71' lang='lat'>21.</span> <span class='ocrx_word' id='word_1_483' title='bbox 389 2720 484 2761; x_wconf 72' lang='lat' dir='ltr'>Jun,</span> <span class='ocrx_word' id='word_1_484' title='bbox 511 2720 582 2754; x_wconf 81' lang='lat' dir='ltr'>Jul.</span> <span class='ocrx_word' id='word_1_485' title='bbox 611 2720 656 2763; x_wconf 88' lang='lat' dir='ltr'>(n.</span> <span class='ocrx_word' id='word_1_486' title='bbox 682 2721 736 2763; x_wconf 85' lang='lat' dir='ltr'>v.).</span> 
     </span>
    </p>

    <p class='ocr_par' dir='ltr' id='par_1_12' title="bbox 115 2765 1777 2857">
     <span class='ocr_line' id='line_1_53' title="bbox 160 2765 1777 2811; baseline 0 -12"><span class='ocrx_word' id='word_1_487' title='bbox 160 2765 250 2800; x_wconf 88' lang='lat' dir='ltr'>Hab.</span> <span class='ocrx_word' id='word_1_488' title='bbox 285 2766 320 2799; x_wconf 94' lang='lat' dir='ltr'>in</span> <span class='ocrx_word' id='word_1_489' title='bbox 345 2766 457 2807; x_wconf 84' lang='lat' dir='ltr'>Gall..</span> <span class='ocrx_word' id='word_1_490' title='bbox 484 2766 600 2811; x_wconf 80' lang='lat' dir='ltr'>Helv.,</span> <span class='ocrx_word' id='word_1_491' title='bbox 628 2766 745 2800; x_wconf 87' lang='lat' dir='ltr'>Germ.</span> <span class='ocrx_word' id='word_1_492' title='bbox 781 2767 946 2809; x_wconf 82' lang='lat' dir='ltr'>australi,</span> <span class='ocrx_word' id='word_1_493' title='bbox 974 2767 1094 2805; x_wconf 65' lang='lat' dir='ltr'>Siles,</span> <span class='ocrx_word' id='word_1_494' title='bbox 1120 2766 1267 2800; x_wconf 85' lang='lat' dir='ltr'>Prussia</span> <span class='ocrx_word' id='word_1_495' title='bbox 1299 2767 1438 2807; x_wconf 74' lang='lat' dir='ltr'>orient,</span> <span class='ocrx_word' id='word_1_496' title='bbox 1472 2767 1611 2804; x_wconf 76' lang='lat' dir='ltr'>Austr..</span> <span class='ocrx_word' id='word_1_497' title='bbox 1647 2766 1777 2809; x_wconf 81' lang='lat' dir='ltr'>Hung,</span> 
     </span>
     <span class='ocr_line' id='line_1_54' title="bbox 115 2811 1308 2857; baseline 0.003 -13"><span class='ocrx_word' id='word_1_498' title='bbox 115 2811 270 2854; x_wconf 76' lang='lat' dir='ltr'>Transs.,</span> <span class='ocrx_word' id='word_1_499' title='bbox 297 2813 423 2847; x_wconf 87' lang='lat' dir='ltr'>Croat..</span> <span class='ocrx_word' id='word_1_500' title='bbox 450 2813 586 2856; x_wconf 83' lang='lat' dir='ltr'>Lomb.,</span> <span class='ocrx_word' id='word_1_501' title='bbox 612 2814 816 2857; x_wconf 43' lang='lat' dir='ltr'>Pelop‹.›nn.,</span> <span class='ocrx_word' id='word_1_502' title='bbox 843 2814 943 2848; x_wconf 85' lang='lat' dir='ltr'>Ross.</span> <span class='ocrx_word' id='word_1_503' title='bbox 971 2813 1061 2847; x_wconf 89' lang='lat' dir='ltr'>med.</span> <span class='ocrx_word' id='word_1_504' title='bbox 1090 2819 1124 2846; x_wconf 88' lang='lat' dir='ltr'>et</span> <span class='ocrx_word' id='word_1_505' title='bbox 1149 2813 1308 2848; x_wconf 87' lang='lat' dir='ltr'>australi.</span> 
     </span>
    </p>

    <p class='ocr_par' dir='ltr' id='par_1_13' title="bbox 113 2858 1775 3091">
     <span class='ocr_line' id='line_1_55' title="bbox 160 2858 1775 2903; baseline -0.001 -11"><span class='ocrx_word' id='word_1_506' title='bbox 160 2858 333 2894; x_wconf 82' lang='lat' dir='ltr'>Observ.</span> <span class='ocrx_word' id='word_1_507' title='bbox 384 2860 528 2894; x_wconf 83' lang='lat' dir='ltr'>Nescio.</span> <span class='ocrx_word' id='word_1_508' title='bbox 563 2871 607 2893; x_wconf 87' lang='lat' dir='ltr'>an</span> <span class='ocrx_word' id='word_1_509' title='bbox 640 2860 748 2903; x_wconf 86' lang='lat' dir='ltr'>stirps</span> <span class='ocrx_word' id='word_1_510' title='bbox 782 2860 977 2894; x_wconf 85' lang='lat' dir='ltr'>castellana</span> <span class='ocrx_word' id='word_1_511' title='bbox 1009 2870 1030 2892; x_wconf 85' lang='lat' dir='ltr'>a</span> <span class='ocrx_word' id='word_1_512' title='bbox 1062 2859 1103 2892; x_wconf 92' lang='lat' dir='ltr'>cl.</span> <span class='ocrx_word' id='word_1_513' title='bbox 1132 2859 1345 2894; x_wconf 81' lang='lat' dir='ltr'>COLMEIRO</span> <span class='ocrx_word' id='word_1_514' title='bbox 1383 2859 1447 2894; x_wconf 86' lang='lat' dir='ltr'>sub</span> <span class='ocrx_word' id='word_1_515' title='bbox 1473 2859 1611 2893; x_wconf 86' lang='lat' dir='ltr'>nomine</span> <span class='ocrx_word' id='word_1_516' title='bbox 1639 2858 1775 2892; x_wconf 81' lang='lat' dir='ltr'>Cirsii</span> 
     </span>
     <span class='ocr_line' id='line_1_56' title="bbox 115 2904 1774 2950; baseline -0.001 -12"><span class='ocrx_word' id='word_1_517' title='bbox 115 2904 343 2947; x_wconf 88' lang='lat' dir='ltr'>glutinosi</span> <span class='ocrx_word' id='word_1_518' title='bbox 369 2906 472 2940; x_wconf 85' lang='lat' dir='ltr'>LAM.</span> <span class='ocrx_word' id='word_1_519' title='bbox 505 2917 522 2940; x_wconf 93' lang='lat' dir='ltr'>e</span> <span class='ocrx_word' id='word_1_520' title='bbox 555 2912 672 2941; x_wconf 89' lang='lat' dir='ltr'>vetere</span> <span class='ocrx_word' id='word_1_521' title='bbox 699 2906 855 2941; x_wconf 85' lang='lat' dir='ltr'>Castella</span> <span class='ocrx_word' id='word_1_522' title='bbox 889 2906 1034 2939; x_wconf 84' lang='lat' dir='ltr'>laudata</span> <span class='ocrx_word' id='word_1_523' title='bbox 1070 2905 1215 2950; x_wconf 77' lang='lat' dir='ltr'>(Apunt.</span> <span class='ocrx_word' id='word_1_524' title='bbox 1250 2918 1283 2950; x_wconf 87' lang='lat' dir='ltr'>p.</span> <span class='ocrx_word' id='word_1_525' title='bbox 1313 2907 1387 2949; x_wconf 74' lang='lat'>191)</span> <span class='ocrx_word' id='word_1_526' title='bbox 1422 2906 1465 2940; x_wconf 90' lang='lat' dir='ltr'>ad</span> <span class='ocrx_word' id='word_1_527' title='bbox 1498 2906 1589 2939; x_wconf 87' lang='lat' dir='ltr'>hanc</span> <span class='ocrx_word' id='word_1_528' title='bbox 1623 2906 1774 2949; x_wconf 87' lang='lat' dir='ltr'>speciem</span> 
     </span>
     <span class='ocr_line' id='line_1_57' title="bbox 113 2951 1774 2998; baseline 0.002 -14"><span class='ocrx_word' id='word_1_529' title='bbox 113 2951 297 2986; x_wconf 86' lang='lat' dir='ltr'>referenda</span> <span class='ocrx_word' id='word_1_530' title='bbox 323 2952 368 2987; x_wconf 88' lang='lat' dir='ltr'>sit</span> <span class='ocrx_word' id='word_1_531' title='bbox 394 2964 512 2987; x_wconf 90' lang='lat' dir='ltr'>necne.</span> <span class='ocrx_word' id='word_1_532' title='bbox 549 2954 584 2987; x_wconf 87' lang='lat' dir='ltr'>C.</span> <span class='ocrx_word' id='word_1_533' title='bbox 611 2953 824 2996; x_wconf 85' lang='lat' dir='ltr'>glutinosum</span> <span class='ocrx_word' id='word_1_534' title='bbox 842 2952 944 2986; x_wconf 58' lang='grc' dir='ltr'>ΒΑΜ,</span> <span class='ocrx_word' id='word_1_535' title='bbox 972 2957 1025 2986; x_wconf 82' lang='lat' dir='ltr'>est</span> <span class='ocrx_word' id='word_1_536' title='bbox 1052 2963 1269 2998; x_wconf 76' lang='lat' dir='ltr'>synonymon</span> <span class='ocrx_word' id='word_1_537' title='bbox 1294 2954 1395 2988; x_wconf 88' lang='lat' dir='ltr'>Cirsii</span> <span class='ocrx_word' id='word_1_538' title='bbox 1421 2952 1630 2986; x_wconf 87' lang='lat' dir='ltr'>Erisithalis</span> <span class='ocrx_word' id='word_1_539' title='bbox 1649 2952 1774 2987; x_wconf 70' lang='lat' dir='ltr'>SCOP..</span> 
     </span>
     <span class='ocr_line' id='line_1_58' title="bbox 115 2998 1775 3045; baseline -0.001 -13"><span class='ocrx_word' id='word_1_540' title='bbox 115 2998 206 3040; x_wconf 87' lang='lat' dir='ltr'>quod</span> <span class='ocrx_word' id='word_1_541' title='bbox 231 2999 410 3042; x_wconf 88' lang='lat' dir='ltr'>hucusque</span> <span class='ocrx_word' id='word_1_542' title='bbox 437 3010 550 3043; x_wconf 89' lang='lat' dir='ltr'>neque</span> <span class='ocrx_word' id='word_1_543' title='bbox 574 3000 610 3033; x_wconf 91' lang='lat' dir='ltr'>in</span> <span class='ocrx_word' id='word_1_544' title='bbox 635 3000 822 3044; x_wconf 85' lang='lat' dir='ltr'>peninsula</span> <span class='ocrx_word' id='word_1_545' title='bbox 848 3000 1039 3044; x_wconf 82' lang='lat' dir='ltr'>pyrenaica</span> <span class='ocrx_word' id='word_1_546' title='bbox 1064 3009 1175 3042; x_wconf 91' lang='lat' dir='ltr'>neque</span> <span class='ocrx_word' id='word_1_547' title='bbox 1193 3000 1227 3033; x_wconf 91' lang='lat' dir='ltr'>in</span> <span class='ocrx_word' id='word_1_548' title='bbox 1245 3000 1439 3045; x_wconf 84' lang='lat' dir='ltr'>Pyrenaeis</span> <span class='ocrx_word' id='word_1_549' title='bbox 1457 2999 1678 3033; x_wconf 82' lang='lat' dir='ltr'>observatum</span> <span class='ocrx_word' id='word_1_550' title='bbox 1698 2998 1775 3039; x_wconf 76' lang='lat' dir='ltr'>suit,</span> 
     </span>
     <span class='ocr_line' id='line_1_59' title="bbox 113 3045 1599 3091; baseline 0.001 -14"><span class='ocrx_word' id='word_1_551' title='bbox 113 3054 215 3087; x_wconf 87' lang='lat' dir='ltr'>quam</span> <span class='ocrx_word' id='word_1_552' title='bbox 242 3045 284 3079; x_wconf 87' lang='lat' dir='ltr'>ob</span> <span class='ocrx_word' id='word_1_553' title='bbox 310 3055 384 3080; x_wconf 87' lang='lat' dir='ltr'>rem</span> <span class='ocrx_word' id='word_1_554' title='bbox 409 3047 500 3080; x_wconf 89' lang='lat' dir='ltr'>hanc</span> <span class='ocrx_word' id='word_1_555' title='bbox 526 3046 679 3091; x_wconf 86' lang='lat' dir='ltr'>speciem</span> <span class='ocrx_word' id='word_1_556' title='bbox 705 3047 797 3082; x_wconf 90' lang='lat' dir='ltr'>inter</span> <span class='ocrx_word' id='word_1_557' title='bbox 821 3047 963 3091; x_wconf 82' lang='lat' dir='ltr'>plantas</span> <span class='ocrx_word' id='word_1_558' title='bbox 988 3045 1192 3090; x_wconf 86' lang='lat' dir='ltr'>hispanicas</span> <span class='ocrx_word' id='word_1_559' title='bbox 1218 3057 1426 3081; x_wconf 88' lang='lat' dir='ltr'>enumerare</span> <span class='ocrx_word' id='word_1_560' title='bbox 1452 3046 1599 3080; x_wconf 85' lang='lat' dir='ltr'>haesito.</span> 
     </span>
    </p>
   </div>
  </div>
 </body>
</html>
