1947 3296
986 114 1077 158 186

184 232 285 267 caule
315 230 417 265 4—6¹
442 230 463 264 1.
490 230 636 274 digitum
662 242 799 278 craSSO,
826 233 952 269 striato
976 234 1133 278 lanigero
1158 235 1300 279 incano,
1326 246 1485 281 ramoso,
1510 235 1618 271 ramis
1643 237 1881 280 superioribus

185 279 266 312 laxe
292 277 526 323 corymbosis3
551 278 645 313 foliis
669 280 804 325 rigidis,
830 291 937 325 supra
960 281 1165 316 brevissime
1191 283 1378 327 spinulosis
1395 282 1532 316 demum
1550 282 1734 325 glabratis,
1760 285 1882 318 subtus

184 325 324 359 incano-
350 324 790 369 lanuginoso-tomeutosis,
815 327 962 362 caulinis
986 328 1459 373 cordato-amplexicaulibus
1475 329 1680 364 brevissime
1696 329 1882 365 decurren-

184 371 297 424 tibus,
334 371 496 406 omnibus
528 372 917 417 oblongo-lanceolatis,
957 374 1332 419 sinuato-pinnatifidis
1365 387 1394 410 v.
1428 375 1696 420 (superioribus)
1729 376 1881 412 sinuato-

186 417 331 462 lobatls,
370 417 458 452 lobis
485 418 521 451 in
546 419 683 462 spinam
707 418 953 455 flavescentem
988 420 1244 461 desinentibus,
1280 423 1423 457 summis
1455 422 1610 457 calathia
1641 422 1881 467 fulcientibus;

186 464 353 500 calathiis
385 465 502 509 parvis
533 465 578 499 ad
612 465 745 510 apicem
776 476 952 500 ramorum
987 468 1178 512 subternis,
1216 469 1376 504 anthodii
1406 470 1498 503 ovati
1522 469 1650 502 4—5“‘
1675 469 1698 502 l.
1729 469 1884 513 squamis

186 511 525 553 araneoso-lanatis,
559 511 780 557 lanceolatis,
817 513 853 546 in
886 513 1022 556 spinam
1054 514 1194 548 brevem
1226 516 1283 550 vix
1314 516 1557 550 vulnerantem
1590 515 1884 560 patulo-erectam

185 557 412 601 acuminatis3
439 557 580 592 corollis
605 559 726 602 roseis,
752 559 933 593 achaeniis
954 559 1059 601 1¹„f‘2‘”
1076 561 1097 595 l.
1122 560 1253 602 nitidis,
1278 573 1395 606 pappo
1420 562 1499 597 albo
1525 562 1630 606 duplo
1653 563 1882 597 brevioribus.

279 604 336 638 Ad
369 614 470 648 sepes
502 605 654 647 regionis
687 605 819 639 calidae
853 606 953 648 regni
978 605 1121 641 Granat.
1158 608 1384 643 occidentalis
1420 609 1484 653 (pr.
1517 620 1597 652 opp.
1623 608 1656 642 S.
1682 608 1806 653 Roque
1838 609 1883 644 ad

233 655 411 694 querceta,
438 651 548 691 BSS.).
598 651 734 685 Crescit
758 653 831 686 sine
856 651 961 685 dubio
987 653 1093 686 etiam
1119 653 1155 686 in
1179 653 1334 690 Baetica.
1360 675 1404 680 ——-
1430 656 1483 696 d?
1506 654 1577 689 Jul.
1605 655 1649 699 (n.
1674 656 1729 699 v.).

274 697 365 731 Hab.
391 697 427 730 in
451 697 607 741 Algeria,
634 697 739 741 sicii,
766 697 941 743 Calabria,
970 698 1143 733 Sardinia.

231 771 326 802 Sect.
357 768 405 800 ΙΙ.
457 768 806 800 orthocemtrum
834 767 945 801 CASS.
972 768 993 801 l.
1020 779 1047 802 c.
1075 770 1130 807 27,
1155 781 1187 813 p.
1216 770 1292 803 184.
1319 769 1389 803 DC.
1417 770 1438 804 l.
1465 781 1492 804 c.
1518 783 1551 814 p.
1578 772 1662 805 641!
1703 770 1876 814 Squamae

390 811 549 845 anthedii
573 811 609 844 in
635 812 769 856 spinam
796 814 937 848 brevem
964 815 1271 850 subvulnerantem
1290 815 1505 860 desinentes,
1531 816 1634 851 dorso
1651 817 1750 861 apice
1767 817 1880 851 fusco-

388 870 417 892 v.
444 859 853 903 purpureo-maculatae,
886 872 955 894 non
981 861 1247 896 arachnoideae.
1296 862 1325 895 F
1329 862 1421 898 lores
1447 873 1566 898 omnes
1591 863 1881 907 hermaphroditi,

386 904 532 938 fertiles.
582 904 686 939 Folia
719 916 826 950 supra
859 907 1006 951 spinulis
1041 909 1216 952 carentia,
1248 910 1406 952 margine
1440 909 1541 951 longe
1573 910 1734 954 spinosa,
1769 909 1879 954 spinis

387 949 498 985 flavis.
517 971 561 975 -
580 951 720 985 Herbae
746 958 885 988 erectae
910 954 1054 989 foliosae
1080 955 1178 999 poly-
1204 955 1264 990 sed
1290 956 1584 1000 microcephalae.
1620 956 1781 991 Corollae
1798 968 1880 1002 pur-

386 1006 529 1041 pureae,
554 1008 634 1032 raro
659 998 773 1034 albae.
823 1000 988 1035 Calathia
1013 1001 1117 1035 nuda.

276 1066 377 1099 1683.
432 1068 476 1100 C.
501 1068 751 1109 Flavispina
775 1068 860 1103 BSS.
897 1080 952 1114 ap.
979 1069 1049 1104 DC.
1075 1070 1198 1104 Prodr.
1225 1070 1310 1113 VII,
1344 1082 1377 1115 p.
1405 1072 1489 1105 305!
1522 1075 1557 1105 et
1580 1070 1669 1115 Voy.
1697 1071 1768 1107 bot.
1793 1071 1880 1116 Esp.

183 1123 217 1155 p.
246 1112 322 1153 364,
358 1117 382 1146 t.
410 1114 495 1147 112!
545 1113 731 1159 Erectum,
767 1115 1018 1160 1—-2-pedale,
1053 1117 1153 1150 caule
1178 1117 1355 1159 angulato,
1381 1128 1401 1150 a
1425 1118 1503 1152 basi
1529 1117 1572 1153 ad
1596 1117 1747 1152 medium
1771 1128 1882 1161 usque

183 1157 283 1192 valde
310 1158 452 1194 folioso.
479 1169 499 1193 a
523 1160 638 1195 medio
663 1173 691 1195 v,
717 1162 817 1206 apice
843 1173 999 1205 ramoso,
1026 1164 1134 1198 ramis
1159 1164 1290 1207 patulis
1314 1163 1567 1208 pleiocephalis
1591 1164 1778 1208 subnudis,
1802 1175 1880 1198 cum

185 1204 286 1239 caule
313 1204 646 1251 albo—lanugin(›sis;
671 1208 766 1243 foliis
790 1209 953 1252 utrinque
971 1209 1399 1252 lanuginoso-tomentosis
1416 1211 1682 1245 canescentibus
1699 1216 1761 1245 aut
1776 1221 1884 1254 supra

180 1249 428 1293 glabriusculis
454 1252 620 1288 viridibus
647 1255 769 1289 subtus
795 1255 1115 1300 albo-tomentosis,
1141 1256 1363 1298 lanceolatis,
1397 1257 1469 1291 late
1494 1257 1880 1302 sinuato-pinnatifidis,

178 1296 308 1332 infimis
333 1298 368 1331 in
394 1299 561 1342 petiolum
588 1301 793 1343 attenuatis,
820 1302 947 1336 ceteris
974 1303 1154 1338 sessilibus
1174 1303 1453 1343 decurrentibus,
1478 1304 1568 1339 lobis
1586 1304 1880 1348 spinuloso—cilia-

178 1343 224 1378 tis
251 1349 286 1379 et
310 1344 412 1388 longe
439 1347 608 1390 spinosis3
634 1347 801 1382 calathiis
821 1349 1016 1384 numerosis
1034 1349 1077 1383 ad
1098 1360 1274 1383 ramorum
1293 1351 1429 1394 apicem
1446 1350 1660 1393 glomeratis,
1685 1360 1880 1385 racemoso-

178 1390 410 1435 paniculatis;
437 1393 598 1427 anthedii
623 1394 882 1437 ovato-oblongi
906 1407 935 1429 v.
961 1396 1197 1439 campanulati
1224 1396 1385 1430 3—4“‘l.
1413 1398 1566 1440 squamis
1593 1397 1725 1440 glabris
1742 1397 1879 1431 lanceo-

179 1436 261 1471 latis
285 1437 489 1481 virentibus,
516 1440 751 1475 exterioribus
777 1441 915 1485 spinula
941 1453 1107 1486 squamae
1134 1443 1412 1487 subaequilonga
1436 1448 1535 1478 recta
1559 1455 1587 1477 v.
1613 1443 1737 1488 patula
1760 1444 1880 1478 termi-

177 1483 287 1524 natis,
322 1484 546 1520 interioribus
579 1487 771 1522 inermibus
804 1488 904 1531 apice
935 1489 1248 1534 arcuato-patulis,
1283 1490 1425 1524 corollis
1458 1491 1645 1534 purpureis
1670 1500 1752 1524 raro
1776 1491 1879 1535 albis,

178 1529 360 1565 achaeniis
386 1533 503 1576 parvis
530 1532 635 1578 1¹s3“‘
661 1534 681 1567 l.
707 1534 851 1578 pallidis
877 1534 1018 1575 nitidis,
1052 1546 1168 1581 pappo
1194 1537 1274 1570 albo
1299 1536 1404 1580 triplo
1428 1537 1655 1571 brevioribus.
1680 1557 1725 1561 —
1749 1536 1879 1571 Planta

176 1576 422 1621 polymorpha,
448 1579 559 1623 spinis
585 1580 739 1614 horrida.
790 1580 918 1625 Spinae
943 1582 977 1615 in
1003 1582 1115 1616 forma
1140 1582 1309 1626 primaria
1335 1583 1461 1617 3—5¹“
1485 1583 1508 1617 1.

316 1638 354 1677 β.
381 1635 735 1681 longespinosum
762 1638 858 1672 KZE.
909 1639 1026 1674 Chlor.
1063 1651 1095 1674 n.
1122 1642 1190 1673 266
1215 1641 1250 1674 in
1275 1641 1384 1675 Flora
1411 1642 1522 1681 1846,
1554 1652 1587 1684 p.
1614 1641 1697 1674 652!
1749 1639 1879 1674 Differt

383 1683 506 1717 habitu
540 1684 756 1725 robustiore,
795 1686 959 1729 panicula
991 1687 1090 1729 laxa,
1129 1687 1223 1722 foliis
1260 1687 1461 1731 latioribus,
1503 1687 1613 1731 spinis
1647 1686 1878 1721 validioribus

386 1730 513 1763 6—9“‘
538 1731 571 1771 l.,
598 1731 763 1766 calathiis
789 1731 862 1766 fere
887 1732 993 1776 duplo
1018 1733 1219 1777 majoribus.

315 1785 351 1818 γ.
376 1776 675 1811 castellanum
700 1777 799 1813 LGE.
825 1778 910 1822 Pug.
937 1791 969 1823 p.
999 1781 1082 1814 141!
1120 1780 1168 1824 (C.
1196 1780 1426 1814 castellanum
1451 1778 1539 1813 WK.
1566 1779 1652 1821 Pug.
1678 1790 1709 1813 n.
1738 1780 1800 1813 34!
1841 1778 1876 1812 C.

385 1823 626 1866 paniculatum
652 1824 769 1858 VAHL
795 1825 851 1859 hb.
878 1831 969 1860 teste
986 1825 1099 1866 LGE.)
1133 1827 1165 1860 A
1193 1826 1310 1870 specie
1336 1826 1501 1860 distincta
1526 1826 1650 1860 habitu
1675 1825 1875 1870 graciliore,

384 1868 476 1903 foliis
502 1871 650 1905 caulinis
675 1871 880 1906 brevissime
905 1871 1182 1916 decurrentibus,
1209 1873 1300 1907 lobis
1326 1872 1488 1906 foliorum
1514 1872 1658 1907 remotis
1685 1871 1803 1916 spinas
1821 1881 1877 1905 va-

386 1915 576 1951 lidissimas
594 1916 803 1952 divaricatas
829 1928 934 1962 saepe
960 1925 1124 1954 curvatas
1151 1920 1278 1953 6-8“‘
1297 1920 1318 1953 1.
1346 1919 1559 1963 gerentibus,
1587 1918 1752 1953 calathiis
1770 1919 1878 1962 majo-

384 1961 482 1997 ribus
507 1964 794 2007 ovato-globosis.
822 1984 864 1988 ψ
891 1964 1090 2000 Occurrunt
1114 1966 1248 2000 formae
1274 1966 1482 2000 intermedia
1506 1966 1598 2000 inter
1628 1965 1720 1999 hanc
1743 1965 1877 2008 variet,

384 2009 654 2052 praecedentem
681 2016 715 2045 et
740 2011 887 2044 formam
913 2012 1110 2054 genuinam.

272 2055 312 2088 In
338 2055 425 2090 locis
452 2056 609 2090 arenosis
634 2056 798 2099 humidis,
823 2057 868 2090 'ad
893 2068 1003 2100 aquas
1028 2058 1180 2101 regionis
1204 2057 1382 2091 inferioris
1408 2062 1443 2091 et
1471 2061 1659 2091 montanae
1683 2056 1877 2101 Hispaniae

229 2103 416 2145 centralis,
454 2102 637 2137 orientalis
668 2108 703 2136 et
737 2103 902 2137 australis
928 2104 1076 2147 passim:
1115 2116 1149 2138 a.
1174 2105 1207 2138 in
1232 2115 1339 2147 regno
1363 2103 1510 2137 Granat.
1535 2103 1641 2145 (inter
1664 2103 1819 2137 Albama
1842 2109 1877 2137 et

225 2146 410 2187 Granada,
444 2148 479 2181 in
512 2147 652 2183 Sierrae
683 2148 849 2183 Nevadae
888 2150 1036 2184 vallibus
1068 2150 1113 2184 ad
1149 2150 1209 2184 alt.
1245 2151 1347 2183 5000¹
1379 2159 1507 2194 usque,
1533 2149 1636 2193 BSS.,
1661 2150 1788 2184 ALTH.
1813 2159 1877 2194 per

224 2205 361 2228 omnem
400 2194 614 2237 provinciam
650 2195 860 2230 Granatens.
887 2196 1007 2240 WK.);
1034 2216 1076 2220 -
1103 2199 1140 2238 β.
1170 2197 1366 2240 promiscue
1401 2207 1477 2230 cum
1510 2195 1672 2240 praeced.
1707 2201 1812 2240 atque
1839 2196 1876 2229 in

224 2241 368 2275 montib.
397 2241 609 2284 Carpetanis
636 2242 700 2285 (pr.
727 2242 842 2282 Avila,
868 2242 1070 2287 BOURG.!);
1099 2262 1139 2266 —-
1167 2255 1203 2286 μγ.
1227 2243 1263 2276 in
1287 2248 1406 2277 vetere
1432 2242 1588 2277 Castella
1612 2243 1653 2286 (c.
1679 2242 1816 2285 Burgos
1841 2247 1877 2277 et

224 2287 373 2322 Medina
398 2287 440 2321 de
465 2286 633 2330 Rioseco,
659 2288 790 2332 LGE.!)
816 2294 921 2332 atque
953 2290 987 2323 in
1014 2289 1167 2331 Aragon.
1195 2289 1351 2333 (VAHL).
1376 2309 1415 2313 —
1447 2289 1501 2328 A?
1525 2287 1609 2333 Jul,
1635 2289 1725 2332 Aug.
1753 2290 1795 2333 (v.
1819 2289 1876 2333 v.).

269 2357 370 2391 1684.
406 2358 448 2390 C.
465 2360 710 2391 nevadense
728 2356 816 2391 WK.
844 2358 930 2400 Pug.
957 2369 989 2392 n.
1010 2360 1069 2392 35!
1104 2358 1244 2401 Sesqui-
1261 2357 1448 2402 bipedalis,
1473 2357 1572 2392 caule
1590 2358 1714 2392 stricto
1731 2355 1876 2392 robus'to

175 2403 353 2445 angulato,
379 2403 816 2448 arachnoideo-puberulo,
845 2415 995 2448 superne
1019 2405 1211 2449 ramuloso,
1238 2405 1330 2439 foliis
1356 2404 1505 2438 caulinis
1523 2404 1706 2439 sessilibus
1723 2404 1876 2439 breviter

173 2448 458 2493 decurrentibus,
493 2460 600 2494 supra
634 2451 936 2493 glabrescentibus
977 2452 1100 2486 subtus
1133 2452 1287 2486 tenuiter
1322 2450 1586 2495 arachnoideis,
1623 2461 1726 2485 nervo
1760 2450 1874 2485 medio

172 2505 293 2530 crasso
317 2494 509 2540 percursis,
541 2497 767 2540 lanceolatis,
799 2497 1023 2532 inferioribus
1055 2498 1132 2532 basi
1167 2499 1269 2541 longe
1295 2498 1505 2541 attenuatis,
1538 2497 1698 2532 omnibus
1723 2497 1874 2541 pinnati-

174 2542 329 2586 partitis,
366 2543 614 2587 partitionibus
640 2543 834 2587 laciniatis,
867 2544 1003 2578 laciniis
1031 2545 1142 2579 ovatis
1166 2557 1195 2578 v.
1222 2544 1498 2587 triangularibus
1525 2544 1813 2588 spinoso-ciliatis
1839 2548 1875 2577 et

172 2588 208 2621 in
234 2590 368 2632 spinam
394 2590 522 2622 5—7“‘
547 2591 685 2633 longam
711 2595 851 2624 tenuem
877 2590 1135 2635 desinentibus,
1171 2591 1237 2626 alis
1270 2591 1404 2635 pariter
1438 2591 1539 2633 longe
1565 2589 1872 2634 spinoso-ciliatis3

173 2634 338 2669 calathiis
372 2635 415 2669 ad
447 2636 583 2679 apicem
615 2637 828 2670 ramulorum
862 2637 1018 2671 brevium
1050 2637 1300 2676 subsolitariis,
1336 2636 1495 2671 anthedii
1527 2636 1663 2671 ovoidei
1697 2636 1825 2670 8——9“‘
1851 2636 1873 2670 l.

174 2682 329 2724 squamis
363 2682 512 2724 glabris,
545 2684 777 2718 exterioribus
812 2684 1153 2725 ovato-lanceolatis,
1187 2685 1222 2718 in
1248 2683 1424 2728 spinulam
1450 2683 1588 2717 brevem
1613 2683 1771 2727 patulam
1796 2694 1874 2727 pro-

173 2727 305 2771 ductis,
339 2728 402 2762 sub
434 2728 573 2772 spinula
605 2730 742 2763 macula
772 2730 922 2773 oblonga
953 2730 1060 2774 plana
1092 2736 1355 2774 atropurpurea
1385 2729 1500 2763 medio
1526 2729 1660 2764 sulcum
1684 2728 1873 2773 longitudi-

173 2773 289 2808 nalem
314 2775 500 2809 exhibente
525 2776 667 2820 notatis,
694 2776 921 2811 interioribus
947 2777 1120 2820 elongatis
1152 2777 1188 2810 in
1221 2787 1367 2811 acumen
1398 2776 1502 2809 molle
1536 2775 1743 2810 undulatum
1779 2780 1871 2810 atro-

172 2832 388 2865 purpureum
413 2821 672 2867 desinentibus3
700 2823 841 2858 corollis
866 2824 1064 2867 purpureis.
1113 2824 1296 2858 Achaenia
1319 2823 1448 2866 ignota.

264 2867 306 2900 In
338 2867 423 2902 locis
458 2868 610 2903 humidis
644 2870 797 2912 regionis
830 2870 1035 2914 subalpinae
1060 2870 1198 2905 Sierrae
1222 2870 1389 2904 Nevadae
1415 2868 1458 2902 ad
1484 2867 1544 2902 alt.
1572 2868 1745 2901 5—6000‘
1772 2867 1870 2909 (Bar-

219 2923 325 2947 ranco
351 2913 393 2947 de
420 2913 598 2957 Trevelez,
627 2914 739 2959 ΨΚ).
770 2937 804 2941 —
839 2917 889 2956 ΖΓ.)
914 2916 1008 2961 Sept.
1036 2917 1077 2960 (v.
1102 2916 1158 2959 v.).

221 2986 316 3017 Sect.
354 2985 421 3017 111.
474 2986 738 3027 Onon-opha
769 2985 879 3020 CASS.
913 2986 934 3019 l.
960 2997 988 3020 0.
1015 2987 1076 3020 36.
1109 2997 1143 3029 p.
1172 2986 1248 3018 145.
1286 2984 1356 3018 DC.
1390 2983 1412 3018 ].
1439 2994 1467 3017 c..
1499 2995 1532 3027 p.
1560 2984 1645 3016 644!
1696 2981 1869 3025 Squamae

380 3029 540 3064 anthodii
564 3036 792 3065 mucronatae
818 3039 878 3067 aut
904 3032 1044 3076 spinula
1068 3032 1162 3065 brevi
1181 3031 1304 3065 inermi
1322 3030 1542 3072 terminatae,
1568 3028 1714 3063 intimae
1733 3037 1871 3071 semper
