1947 3296
987 148 1084 194 580

192 271 256 307 bus
280 269 482 317 papillosis,
507 281 582 317 sup.
606 269 789 316 puberulis
815 270 941 315 (neque
967 268 1360 314 glanduloso-villosis),
1385 267 1567 313 pedicellis
1593 269 1705 313 magis
1730 269 1884 314 remotis,

193 318 280 354 flore
305 318 542 363 brevioribus,
581 318 714 354 corolla
737 317 882 353 relative
907 318 1040 362 majore
1067 318 1208 360 (carnea
1231 328 1261 351 v.
1287 315 1655 361 coerulco-violacea),
1681 316 1781 351 fauce
1807 327 1885 361 pro-

192 365 297 401 funde
322 366 574 409 canaliculata,
599 365 736 400 laciniis
761 365 846 399 labii
870 364 931 398 inf.
958 363 1232 408 approximatis,
1259 362 1451 407 superioris
1476 363 1620 406 retusis,
1645 364 1783 398 calcare
1809 364 1885 397 bre-

192 413 306 457 viore,
331 412 442 456 magis
467 412 790 457 saccato-dilatato,
816 411 962 456 capsula
986 411 1139 455 minore,
1167 409 1338 444 seminum
1363 409 1471 444 costis
1496 409 1734 445 crebrioribus
1758 411 1886 454 magis-

193 470 260 504 que
285 459 474 495 undulatis.

340 507 380 547 β.
404 505 732 552 parviflorum!
772 503 932 549 (Linaria
967 502 1186 538 saetabensis
1222 502 1446 537 LERESCHE
1490 512 1596 538 mser.
1626 501 1663 537 in
1694 502 1812 538 sched.
1837 502 1885 548 pl.

399 553 503 598 exs.!)
528 552 661 588 corolla
683 551 841 597 parvula,
866 549 1000 595 pallide
1023 559 1152 585 carnea
1175 561 1205 584 v.
1231 549 1419 595 lutescens,
1445 549 1543 584 striis
1566 549 1742 585 violaceis.

285 611 304 634 *
329 611 581 655 glareosum
615 609 775 653 (Linaria
800 608 963 652 glareosa
987 607 1115 642 BOISS.
1147 611 1182 642 et
1205 606 1331 642 REUT.
1359 606 1445 650 Pug.
1471 619 1504 652 p.
1531 608 1593 642 84!
1629 606 1785 643 BOURG.
1810 616 1883 643 exs.

192 658 238 694 N.
265 659 373 693 1373!
399 657 441 692 L.
465 656 685 700 origanifolia
708 668 744 700 9‘.
770 655 933 699 glareosa
956 654 1087 690 BOISS.
1111 665 1188 699 voy.
1213 666 1247 699 p.
1274 655 1386 698 4511).
1417 653 1547 689 Differt
1571 664 1592 689 a
1617 659 1703 700 typo
1727 654 1887 689 caulibus

193 705 274 741 aliis
300 704 600 740 stoloniformibus
626 702 875 747 squamigeris,
910 701 991 736 aliis
1016 702 1166 744 foliatis,
1201 701 1293 736 foliis
1319 701 1712 746 ovato-orbicularibus,
1747 711 1887 736 racemo

194 751 405 787 condensato
430 749 706 796 corymbiformi,
732 749 866 784 corolla
891 747 997 793 duplo
1022 748 1157 792 majore
1182 748 1481 792 (roseo-lilacina).
1532 747 1601 793 (Ex
1626 748 1888 793 speciminibus,

192 809 282 844 quae
304 797 391 843 vidi,
424 798 540 842 potius
565 797 711 831 formam
737 796 979 831 macrantbam
1004 795 1065 829 Ch.
1100 795 1305 840 crassifolii,
1340 795 1492 830 statione
1525 794 1713 840 subalpina
1745 800 1886 830 enatam

192 856 296 891 quam
319 844 496 890 propriam
519 843 672 888 speciem
697 842 822 878 sistere
845 841 1051 886 crederem.)

285 891 326 926 In
350 891 491 936 rupium
513 890 651 926 fissuris
677 889 824 935 Hispan.
850 889 1042 935 praecipue
1067 887 1188 923 orient.
1216 892 1252 922 et
1274 887 1397 923 merid.
1422 888 1577 932 passim:
1602 887 1697 923 Cast.
1722 892 1789 923 vet.
1815 886 1888 931 (Se-

238 938 354 983 govia,
379 938 509 973 150188,
535 942 569 972 et
593 937 768 980 REU'M),
793 936 902 980 Arag.
929 935 1108 980 (Scri-ania
1142 934 1186 968 de
1211 934 1368 979 Cuenca,
1394 934 1518 970 BOU'r.
1554 934 1591 970 in
1627 935 1686 970 hb.
1712 934 1820 970 WK.!
1854 934 1887 969 el

237 984 478 1030 Maestrazgo,
502 984 706 1029 Benifazar,
731 983 897 1019 Desierto
929 983 972 1017 de
998 981 1174 1026 Calanda,
1200 981 1318 1017 Losc.
1343 986 1378 1017 et
1403 981 1562 1027 PARD.);
1601 981 1713 1017 Catal.
1746 981 1887 1026 (Pyren.

237 1031 360 1067 orient.
387 1031 521 1077 CSTA.,
555 1030 762 1076 Taragona,
787 1030 930 1075 WBB.),
969 1029 1109 1065 Valent.
1143 1028 1277 1073 (Sierra
1309 1028 1352 1063 de
1376 1029 1547 1073 Mariola,
1574 1028 1746 1064 BOURG.!
1784 1028 1818 1063 S.
1844 1028 1887 1063 de

237 1078 368 1123 Chiva,
393 1078 519 1121 WK.!,
556 1078 735 1120 Moxente,
759 1077 896 1116 Jativa,
921 1077 1037 1120 ΒΗΚ,
1063 1076 1196 1122 Murta,
1222 1075 1411 1119 Valdigna,
1437 1076 1634 1121 POURR.!),
1661 1076 1772 1111 Murc.
1800 1074 1887 1119 (Vil-

237 1124 328 1169 lena,
354 1124 463 1169 DUF.,
488 1124 694 1161 Fuensanta
710 1135 763 1170 pr.
781 1125 932 1169 Murcia,
959 1123 1085 1168 GUffl.,
1109 1123 1277 1168 BOURG.,
1301 1122 1416 1158 LGE.!
1443 1123 1651 1167 Cartagena,
1677 1122 1827 1158 ROSSM.
1852 1122 1887 1157 in

236 1171 297 1207 hb.
321 1171 462 1217 WK.!),
488 1172 587 1207 Boet.
613 1172 749 1217 (Muela
773 1171 815 1206 de
840 1171 1083 1206 Montalbiche
1115 1181 1168 1216 pr.
1192 1170 1376 1215 Almeria,
1404 1169 1509 1206 WK.!
1547 1170 1666 1204 Sierra
1690 1169 1732 1204 de
1757 1168 1888 1213 Gador,

236 1218 376 1260 BOISS.,
401 1219 435 1254 S.
461 1218 504 1253 de
529 1219 700 1259 Huescar‚
725 1218 924 1263 BOURG.!).
951 1237 994 1242 ——
1022 1221 1060 1260 ρ’.
1085 1217 1226 1252 Valent.
1255 1217 1303 1262 (in
1328 1216 1475 1262 rupibus
1501 1216 1674 1252 calcareis
1698 1216 1743 1251 ad
1769 1216 1802 1251 S.
1821 1216 1887 1250 Fe-

234 1265 306 1311 lipe
342 1265 385 1301 de
408 1265 539 1310 Jativa,
563 1264 786 1300 LERESCHE
797 1265 830 1311 1).
856 1265 876 1287 '¹‘
899 1265 998 1300 Boet.
1030 1264 1166 1310 (Sierra
1190 1263 1338 1299 Nevada
1368 1264 1428 1299 alt.
1454 1263 1669 1298 9—10000‘:
1706 1262 1829 1298 Corral
1853 1267 1889 1298 et

235 1312 390 1348 Picacho
415 1312 458 1348 de
483 1311 620 1355 Veleta,
644 1312 788 1357 BOISS.,
813 1312 915 1358 ΨΚ,
939 1312 1116 1347 BOURG.!
1142 1310 1328 1355 Borreguil
1352 1310 1396 1346 de
1419 1310 1534 1352 Dilar,
1558 1310 1690 1346 Puerto
1713 1310 1757 1345 de
1773 1310 1888 1346 Vaca-

235 1369 304 1406 res,
329 1359 435 1396 WK.!
461 1359 629 1404 Dornajo,
654 1360 799 1405 BOISS.)
824 1365 847 1397 b
871 1371 899 1394 v.
927 1367 953 1400 2!
977 1358 1203 1403 ‹Iun—Aug.
1229 1359 1272 1404 (v.
1297 1357 1354 1403 v.).

282 1430 384 1464 2702.
432 1431 505 1464 ch.
532 1430 772 1464 flexuosum
797 1429 957 1474 (Linaria
980 1428 1141 1464 flexuosa
1164 1428 1284 1462 DESF.
1311 1427 1372 1464 atl.
1396 1429 1429 1472 2,
1454 1439 1488 1473 p.
1513 1429 1571 1471 47,
1596 1427 1667 1462 tab.
1694 1427 1778 1462 139!
1813 1425 1885 1461 DC.

192 1476 316 1513 Prodr.
341 1475 394 1520 X,
420 1477 505 1511 287!
547 1476 676 1511 BOISS.
702 1476 739 1510 in
770 1476 936 1511 KRALIK
972 1476 1019 1521 pl.
1054 1476 1134 1520 Alg.
1178 1476 1239 1511 sel.
1276 1474 1320 1510 N.
1356 1474 1472 1519 137!)‚
1510 1475 1557 1521 β,
1593 1473 1887 1519 hispanicum

189 1524 286 1559 LGE.
319 1522 473 1569 Gracile,
497 1523 745 1569 caespitosum,
770 1523 934 1558 diffusum
952 1523 1122 1567 longeque
1147 1532 1335 1565 ramosum,
1359 1522 1468 1557 ramis
1492 1521 1728 1556 filiformibus.
1753 1519 1888 1555 flexuo-

188 1571 238 1607 sis
261 1582 291 1605 v.
316 1569 496 1615 pendulis,
516 1569 610 1605 foliis
634 1570 736 1605 infer.
761 1570 953 1616 oppositis,
978 1581 1093 1615 super.
1119 1569 1284 1612 alternis,
1312 1569 1415 1613 longe
1440 1569 1640 1614 petiolatis,
1668 1568 1887 1614 spathulato-

188 1617 406 1662 lanceolatis,
432 1617 578 1655 obtusis.
603 1617 783 1662 plerisque
807 1617 1041 1661 glaberrimis,
1065 1616 1247 1652 floralibus
1272 1616 1398 1651 leviter
1422 1615 1800 1660 pubescenti-villosis;
1824 1613 1887 1649 flo-

188 1665 286 1701 ribus
309 1664 519 1699 axillaribus
543 1664 645 1708 longe
671 1664 832 1708 remotis,
870 1664 1054 1709 pedicellis
1093 1663 1239 1708 (glabris
1276 1675 1305 1697 v.
1343 1662 1631 1707 pubescentibus)
1664 1662 1746 1696 folio
1771 1660 1888 1696 fiorali

189 1711 408 1757 aequilongis
433 1723 463 1746 v.
488 1710 611 1746 eodem
635 1710 740 1756 paulo
766 1710 1000 1757 longioribus;
1036 1710 1166 1756 calycis
1193 1710 1383 1753 segmentis
1408 1715 1556 1753 anguste
1581 1709 1793 1752 linearibus,
1829 1708 1888 1743 ob-

193 1759 294 1803 tusis,
319 1759 403 1793 tubo
429 1757 580 1794 corollae
597 1758 833 1804 brevioribus3
858 1758 991 1793 corolla
1009 1757 1152 1802 pallida,
1177 1756 1302 1792 leviter
1319 1757 1504 1802 puberula,
1531 1767 1560 1791 c.
1579 1758 1597 1790 1
1617 1757 1756 1793 centim.
1775 1755 1888 1801 longa,

190 1805 327 1842 calcare
350 1805 458 1840 brevi.
483 1805 619 1851 obtuso,
644 1804 782 1850 reliqua
807 1805 940 1841 corolla
964 1805 1028 1840 sub
1053 1804 1152 1849 4-plo
1176 1804 1347 1839 breviore.

282 1852 505 1897 Inmupibus,
530 1863 610 1888 raro
635 1851 816 1897 hucusque
841 1852 877 1886 in
894 1851 1070 1897 Hispania
1093 1852 1287 1886 inventum:
1316 1849 1427 1885 Catal.
1445 1848 1819 1894 Montser1·at(costas
1845 1847 1887 1883 de

235 1898 380 1944 Garraf)
405 1899 539 1936 CSTA.!
578 1899 730 1945 (nomine
754 1899 797 1933 L.
834 1898 1078 1943 origanifoliae
1116 1899 1150 1933 in
1175 1898 1233 1932 hb.
1260 1897 1390 1942 WK.!,
1426 1896 1538 1932 forma
1562 1906 1712 1941 superne
1736 1895 1886 1939 villosa),

236 1945 529 2027 A¹'{)}³'·(Ar}nda
552 1945 610 1982 del
634 1946 768 1991 Conde,
793 1945 981 1982 CALAV1A
1011 1946 1048 1980 in
1080 1945 1140 1980 hb.
1166 1944 1287 1990 WK.!)
1325 1944 1452 1990 (forma
1475 1943 1550 1979 fere
1574 1943 1713 1979 omnino
1738 1941 1887 1987 glabra).

239 2002 262 2033 ιι
330 2003 422 2037 aJ.-
451 2004 508 2028 un.
550 2005 580 2028 v.
605 2004 659 2029 s..

282 2038 372 2074 Hab.
398 1993 548 2084 quoque(
560 2040 597 2075 in
620 1992 768 2084 Xlgeria
794 2039 922 2085 (forma
947 2038 996 2084 a).

280 2084 380 2122 Obs.
426 2087 555 2122 Planta
579 2087 779 2132 hispanica,
804 2086 849 2121 ad
874 2086 1069 2131 specimina
1093 2085 1188 2122 sicca
1212 2084 1407 2130 descripta,
1441 2082 1538 2119 haud
1564 2082 1639 2120 sine
1663 2082 1758 2119 omni
1782 2081 1886 2117 dubio

238 2132 284 2167 ad
307 2133 462 2178 speciem
485 2133 784 2169 Fontanesianam
814 2134 939 2179 retuli,
975 2134 1077 2178 cujus
1113 2132 1341 2178 descriptioni
1376 2137 1495 2166 tamen
1530 2130 1553 2165 1.
1580 2141 1609 2165 0.
1641 2130 1767 2175 (minus
1796 2129 1886 2164 bene

236 2178 386 2224 figurae)
424 2184 460 2215 et
493 2180 743 2225 speciminibus
781 2180 949 2216 africanis
987 2179 1139 2225 (nomine
1175 2179 1216 2214 L.
1249 2178 1428 2221 flexuosae
1461 2178 1582 2212 DESF.
1616 2182 1689 2212 tam
1719 2177 1754 2211 in
1787 2175 1886 2211 herb.

237 2225 394 2262 Vahlii
417 2227 565 2263 servatis
581 2238 685 2271 quam
698 2238 720 2262 a
733 2227 956 2263 cLKRALIK
980 2226 1194 2272 distributis)
1214 2231 1350 2262 tantum
1371 2224 1518 2269 accedit,
1540 2229 1578 2259 ut
1597 2225 1714 2269 potius
1727 2222 1887 2268 ejusdem

238 2272 403 2319 formam,
439 2283 544 2318 quam
575 2275 730 2319 speciem
759 2274 960 2309 distinctam
990 2274 1154 2309 habeam.
1201 2273 1402 2318 Specimina
1427 2271 1650 2307 catalaunica
1683 2275 1719 2306 et
1742 2280 1886 2314 aragon.

237 2320 330 2356 inter
353 2330 390 2356 se
414 2319 539 2355 leviter
563 2320 785 2367 discrepant,
810 2326 846 2356 et
870 2326 1021 2365 utraque
1045 2320 1140 2356 foliis
1164 2320 1426 2364 angustioribus
1452 2317 1620 2354 recedunt
1643 2328 1665 2353 a
1687 2317 1812 2363 planta
1837 2315 1887 2351 al-

239 2367 392 2411 geriensi
428 2367 532 2412 (quae
568 2368 626 2403 fol.
662 2368 994 2413 elliptico—obovatis
1030 2367 1184 2412 gaudet).
1232 2367 1376 2412 Species
1400 2365 1484 2400 hinc
1507 2365 1577 2400 Ch.
1604 2363 1886 2408 crassifolio,

237 2413 338 2449 illinc
362 2413 430 2448 Ch.
455 2414 623 2450 tenello
649 2415 773 2460 (CAV.)
798 2415 917 2451 affinis
941 2419 1007 2460 est,
1031 2415 1076 2450 ab
1101 2414 1180 2450 illo
1205 2413 1277 2450 diff.
1302 2413 1462 2449 caulibus
1486 2411 1753 2457 gracilioribus,
1778 2410 1886 2445 ramis

237 2458 590 2507 flexuoso-pendulis,
621 2461 767 2497 floribus
792 2462 894 2506 longe
920 2461 1151 2507 distantibus,
1177 2460 1362 2506 pedicellis
1386 2459 1604 2496 tenuissimis
1621 2463 1707 2502 etc.‚
1737 2457 1782 2492 ab
1807 2457 1885 2492 hoc

238 2505 629 2589 f91{is.ang¹¹3t({⁰ribus’
653 2508 832 2554 plerisque
857 2508 1005 2553 glabris,
1038 2508 1197 2553 alternis,
1223 2508 1267 2543 ab
1292 2512 1483 2551 utroque
1506 2517 1588 2542 vero
1611 2504 1672 2541 fol.
1696 2505 1800 2548 longe
1823 2513 1884 2549 pe-

237 2557 287 2588 tio
302 2557 371 2589 atis
395 2563 475 2589 rece
501 2554 540 2590 it.

286 2623 387 2657 2703.
450 2625 522 2658 Ch.
566 2625 767 2659 villosum
826 2624 1091 2670 (Antirrhinum
1138 2623 1299 2659 villosum
1346 2622 1388 2657 L.
1437 2621 1520 2657 cod.
1563 2621 1675 2657 4450!
1739 2617 1886 2654 Linaria

192 2667 318 2704 villosa
340 2669 411 2704 DC.
436 2669 560 2705 CHAV.
586 2681 676 2706 mon.
702 2683 736 2717 p.
762 2673 823 2717 933
848 2670 919 2707 DC.
945 2671 1069 2707 Prodr.
1094 2670 1139 2715 X,
1164 2671 1249 2706 286!
1285 2669 1413 2705 GREN.
1439 2673 1475 2704 et
1498 2667 1628 2704 GODR.
1652 2667 1676 2703 l.
1693 2677 1722 2702 0.
1748 2678 1780 2711 p.
1799 2666 1885 2700 5831

194 2714 324 2751 BOISS.
349 2726 425 2761 voy.
449 2728 483 2761 p.
509 2718 596 2752 4501
621 2717 720 2753 LGE.
745 2718 831 2762 Pug.
856 2730 890 2763 p.
917 2719 1004 2754 206!
1040 2718 1124 2752 Ant.
1151 2717 1301 2753 saxatile
1326 2717 1441 2751 minus
1465 2715 1594 2750 BARR.
1619 2713 1662 2750 10.
1689 2714 1775 2749 5971
1801 2711 1884 2756 (cal-

193 2771 256 2797 car
278 2762 381 2797 nimis
404 2762 545 2807 longum
570 2764 747 2809 depictum
772 2765 849 2810 est).
898 2765 1018 2801 Dense
1041 2764 1204 2800 villosum
1228 2769 1263 2800 et
1293 2761 1704 2808 glanduloso-viscidum.
1738 2758 1885 2802 fragilli-

196 2819 306 2853 mum3
330 2808 489 2844 caulibus
514 2809 668 2856 diffusis,
705 2811 806 2847 valde
830 2813 997 2855 ramosis,
1021 2811 1130 2846 ramis
1155 2811 1347 2857 elongatis,
1372 2809 1536 2855 pendulis
1559 2820 1589 2843 v.
1615 2805 1884 2849 scandentibus3

193 2854 288 2891 foliis
312 2854 387 2890 fere
411 2856 570 2891 omnibus
594 2858 775 2902 oppositis,
798 2858 991 2904 petiolatis,
1016 2858 1175 2894 ovalibus
1198 2870 1229 2892 v.
1254 2855 1587 2900 orbiculari-ovatis,
1611 2853 1763 2899 obtusis3
1789 2851 1886 2887 flori-

193 2900 260 2937 bus
285 2901 387 2945 longe
413 2901 639 2944 distantibus,
671 2904 893 2940 inferioribus
924 2905 1050 2940 saltem
1074 2904 1267 2950 oppositis,
1303 2903 1487 2949 pedicellis
1511 2900 1694 2937 defloratis
1717 2898 1884 2935 flexuosis

193 2959 225 2983 v.
249 2948 477 2993 nutantibus,
508 2949 593 2984 folio
618 2949 788 2986 fulcrante
814 2951 1114 2996 subaequilongis,
1139 2951 1260 2996 calyce
1284 2960 1410 2996 parum
1434 2948 1667 2992 longioribus;
1694 2945 1884 2991 segmentis

193 2993 326 3040 calycis
349 2995 569 3041 spathulato-
593 3008 622 3030 v.
647 2996 1008 3043 lineari-lanceolatis,
1032 2997 1177 3042 obtusis,
1203 2997 1287 3032 tubo
1312 2996 1466 3032 corollae
1491 2994 1728 3040 brevioribus;
1753 2991 1886 3029 corolla

194 3042 266 3077 late
290 3041 428 3089 hiante,
453 3042 683 3088 pubescente,
709 3044 849 3079 sordide
872 3044 1016 3080 lilacina
1037 3056 1067 3079 v.
1092 3043 1225 3090 pallide
1249 3043 1444 3079 lutescente
1466 3041 1788 3086 violaceo-striata,
1824 3048 1886 3085 pa-
