1947 3296
998 125 1096 167 214

158 250 220 279 aut
236 243 532 279 adscendentibus
549 242 741 287 gracilibus
760 243 897 278 3-12“
914 243 948 288 l.,
973 244 1139 279 calathiis
1164 250 1246 280 ante
1272 236 1438 279 anthesin
1461 243 1679 288 nutantibus,
1703 241 1865 277 anthedii

161 292 225 326 sub
261 289 404 326 anthesi
429 290 556 325 3—5“‘
581 290 603 324 l.
638 291 793 334 squamis
826 290 1195 337 lineari-lanceolatis,
1225 291 1451 327 interioribus
1476 295 1558 335 post
1582 289 1749 324 anthesin
1773 300 1864 324 com—

158 338 312 383 plicatis,
335 337 507 373 achaenia
522 337 747 382 peripherica
763 337 1031 378 involventibus;
1061 338 1180 382 ligulis
1197 337 1365 373 anthodio
1383 337 1598 380 longioribus
1616 337 1740 372 subtus
1758 346 1864 380 saepe

159 384 285 430 lividis,
308 384 492 420 achaeniis
516 384 769 427 marginalibus
789 384 1058 429 subcylindricis
1076 385 1250 426 2—2¹(2¹“
1268 386 1291 419 1.
1316 384 1600 429 persistentibus,
1625 383 1765 418 demum
1782 393 1861 417 cum

160 432 316 476 squamis
352 430 512 466 anthodii
549 430 930 476 stellato-patentibus,
968 431 1057 466 disci
1093 431 1249 466 deciduis
1286 431 1527 466 fusiformibus
1563 431 1664 473 longe
1701 429 1866 464 rostratis

160 478 288 514 4—5“¹
314 478 349 521 l.,
373 484 489 513 rostro
513 477 630 512 fructu
655 477 800 511 dimidio
826 477 976 522 duplove
1000 478 1235 521 longioribus,
1262 489 1378 523 pappo
1405 478 1533 512 2—3“‘
1560 478 1581 512 l.
1607 475 1748 512 sordide
1773 476 1864 520 albo,

160 524 270 560 radiis
294 526 411 559 8—10
434 523 514 559 basi
536 525 744 559 incrassatis
770 524 871 567 longe
896 524 1077 568 plumosis.
1105 544 1148 548 —
1173 525 1303 561 Planta
1326 524 1416 559 facie
1441 524 1696 560 Leontodontis
1722 522 1865 567 hispidi,

161 572 244 618 pilis
270 583 296 607 s.
322 571 410 607 setis
435 570 534 615 apice
559 570 706 605 furcatis
731 571 812 615 plus
838 570 952 605 minus
978 571 1226 606 crebrioribus.

301 619 340 662 β.
366 618 508 653 minor
531 618 616 652 BSS.
642 618 730 662 Voy.
756 617 827 651 bot.
854 616 940 661 Esp.
973 629 1006 662 p.
1034 618 1118 653 378!
1143 617 1290 662 pusilla,
1326 617 1418 653 foliis
1450 618 1508 652 vix
1541 616 1712 658 dentatis,
1749 615 1866 660 scapis

370 665 495 709 paucis
522 664 636 698 1—3“
662 664 684 698 l.
710 663 994 707 microcephalis,
1020 665 1120 708 apice
1146 676 1213 699 non
1239 665 1459 699 incrassatis.

302 724 337 758 y.
362 711 503 755 major
528 710 612 744 BSS.
638 710 660 744 l.
687 721 733 754 c.,
759 710 944 753 hirsutior,
970 711 1201 756 multicaulis,
1227 711 1319 746 foliis
1345 709 1675 751 sinuato—dentatis,
1701 707 1868 742 calathiis

370 757 488 837 duploS
509 757 719 800 majoribus,
752 757 869 801 scapis
904 757 1005 801 apice
1040 757 1315 793 subincrassatis
1350 757 1449 801 (Thr.
1485 755 1720 791 mauritanica
1755 753 1868 788 WBB.

372 814 441 839 non
490 810 555 837 PR.
575 832 581 837 .

254 851 297 886 In
320 850 489 894 arenosis,
513 803 696 893 gleireosis,
722 848 925 893 pinguibus,
951 849 1067 895 cultis,
1092 849 1317 894 rupestribus
1342 850 1496 893 regionis
1521 849 1699 884 inferioris
1723 853 1758 883 et
1775 860 1870 883 mon-

208 902 313 933 tanae
338 907 402 942 per
426 906 563 930 omnem
590 895 817 940 Hispaniam,
844 898 881 938 β.
907 902 943 931 et
966 909 1000 941 9³·
1026 897 1063 931 in
1098 907 1205 939 regno
1231 895 1446 931 Granatensi
1472 896 1515 930 ad
1542 897 1603 931 alt.
1631 896 1734 930 5000‘
1759 906 1871 940 usque

211 944 323 988 (Ess,
351 943 451 985 WK„
477 942 579 987 FK.!,
604 943 803 985 BOURG.!).
829 962 873 967 —-
899 943 1209 988 (D-Majo—Julio
1236 943 1278 987 (V.
1304 943 1360 987 v.).

209 1037 232 1072 b
254 991 344 1070 Hali,
372 1000 464 1034 spec.
490 990 526 1023 in
550 989 677 1034 Lusit,
702 988 795 1024 Gall.
819 990 1012 1034 pyrenaica
1036 995 1072 1026 et
1096 990 1258 1035 australi,
1283 990 1379 1035 Ital.,
1406 989 1535 1034 Dalm,
1561 989 1723 1033 Graecia,
1749 988 1873 1023 Africa

235 1047 318 1072 orea
335 1048 356 1071 1.
624 1061 627 1064 -

438 1127 487 1170 ††
532 1129 711 1161 Aclmem'a
736 1130 956 1172 marqinalia
981 1131 1151 1174 breviter,
1177 1131 1270 1163 disci
1293 1132 1395 1173 longe
1422 1135 1594 1163 rostrata.

264 1223 366 1256 1753.
417 1222 490 1254 Th.
516 1222 631 1254 hirta
655 1219 755 1254 R'rn.
781 1219 803 1254 l.
831 1231 858 1254 c.
894 1232 926 1264 p.
953 1222 1009 1255 98.
1035 1220 1105 1256 GR.
1133 1220 1263 1255 GODR.
1297 1221 1318 1254 l.
1347 1233 1392 1264 c,
1418 1221 1544 1255 RCHB.
1570 1221 1618 1255 Ic.
1651 1220 1673 1254 l.
1700 1231 1728 1254 c.
1762 1224 1784 1254 t.
1813 1221 1872 1254 14!

165 1268 386 1312 (Leontodon
410 1267 544 1301 hirtum
569 1266 623 1311 L.,
648 1266 818 1311 Hyoseris
843 1268 1089 1303 taraxacoi‘des
1115 1268 1264 1311 LAMK.)
1314 1268 1501 1302 Simillima
1524 1266 1753 1312 praecedenti
1779 1272 1815 1301 et
1839 1266 1875 1300 in

165 1320 259 1351 statu
284 1314 442 1349 florifero
468 1313 511 1347 ab
537 1323 580 1347 ea
604 1313 660 1347 vix
685 1313 943 1356 distinguenda.
981 1314 1207 1359 Dignoscitur
1231 1319 1347 1349 rostro
1373 1314 1621 1349 achaeniorum
1647 1314 1734 1348 disci
1758 1313 1876 1347 fructu

166 1372 305 1406 semper
331 1359 504 1405 subtriplo
528 1360 765 1405 brevioribus,
798 1365 833 1394 et
856 1361 974 1395 radice
999 1362 1118 1396 bienni
1143 1374 1172 1396 v.
1198 1362 1361 1406 peremu,
1394 1371 1412 1395 e
1440 1362 1529 1396 eollo
1554 1361 1664 1396 fibras
1688 1359 1874 1394 filiformes

166 1409 296 1443 multas
321 1408 457 1443 edente.
507 1405 702 1449 Gracilior,
729 1407 845 1451 scapis
871 1407 1013 1452 saepius
1040 1407 1176 1444 diffusis
1200 1421 1230 1443 v.
1257 1407 1564 1453 adscendentibus,
1588 1408 1683 1443 foliis
1709 1406 1874 1449 dentatis,

167 1455 317 1490 sinuatis
342 1466 372 1489 v.
398 1452 627 1498 pinnatifidis,
653 1453 818 1489 calathiis
843 1455 1050 1500 minoribus,
1075 1455 1157 1500 pilis
1183 1455 1297 1490 minus
1324 1455 1471 1489 crebris.

310 1504 347 1545 β.
373 1500 631 1591 ἳῖἰὲοιῗαΙΥΧ
655 1500 726 1534 DC.
762 1500 785 1535 l.
811 1511 840 1535 c.
875 1501 1042 1536 anthodio
1074 1502 1197 1545 glabro
1228 1514 1257 1536 v.
1292 1502 1540 1545 glabrescente
1572 1501 1653 1546 (Th.
1687 1499 1876 1544 nudicalyx

307 1606 341 1634 γ.
367 1593 582 1628 arenaria
606 1591 678 1626 DC.
710 1591 731 1626 l.
759 1603 787 1627 c.
814 1593 956 1638 glabra,
988 1594 1081 1629 foliis
1110 1594 1274 1629 tenuibus
1301 1594 1607 1638 subintegerrimis
1633 1597 1694 1628 aut
1722 1593 1876 1628 sinuato-

376 1640 541 1682 dentatis,
567 1638 668 1673 fibris
694 1639 867 1682 elongatis
891 1641 1123 1675 tenuioribus.

261 1686 304 1721 In
328 1687 497 1731 arenosis,
524 1686 733 1730 graminosis
761 1686 874 1731 siccis,
900 1687 1049 1722 collibus
1075 1687 1246 1731 glareosis
1271 1686 1426 1729 regionis
1443 1686 1620 1721 inferioris
1639 1691 1674 1721 et
1690 1690 1878 1719 montanae

215 1743 280 1778 per
304 1739 414 1768 totam
439 1733 512 1767 fere
537 1732 749 1777 Hispaniam
775 1733 979 1778 (praecipue
1004 1735 1039 1768 in
1063 1734 1199 1768 boreali
1225 1739 1259 1768 et
1284 1733 1447 1768 orient-ali
1480 1733 1684 1777 frequens),
1710 1751 1755 1756 —
1782 1733 1817 1772 β.
1844 1731 1880 1764 in

216 1779 350 1815 Gallec.
376 1781 425 1824 (in
448 1780 562 1824 pratis
579 1778 734 1814 humidis
752 1779 797 1813 ad
814 1780 1009 1815 Valdomar
1036 1786 1071 1816 et
1087 1780 1199 1824 Lugo,
1225 1780 1366 1824 LGE.!),
1393 1780 1507 1814 Catal,
1527 1779 1736 1825 (Monjuich,
1763 1777 1880 1821 WK.),

216 1836 323 1870 regno
348 1826 490 1862 Valent.
518 1827 584 1871 (pr.
610 1826 798 1870 Orihuela,
825 1826 977 1872 LAG.!);
1004 1847 1048 1852 ——
1074 1840 1108 1873 y.
1134 1828 1170 1861 in
1202 1827 1362 1862 arenosis
1388 1827 1433 1861 ad
1459 1827 1581 1862 littora
1606 1826 1787 1861 Galleciae
1813 1824 1879 1868 (pr.

217 1873 332 1908 Cobas
358 1879 394 1907 et
417 1873 651 1915 Pontevedra,
675 1871 818 1917 LGE.!).
845 1893 889 1898 --
916 1875 957 1912 ό.
985 1880 1022 1914 ιι.
1049 1873 1272 1917 Jun.—Aug.
1299 1875 1341 1918 (v.
1367 1874 1423 1917 v.).

266 1919 357 1954 Hab.
384 1920 420 1954 in
445 1919 549 1963 Gall„
576 1919 667 1963 Ital„
694 1919 841 1965 Europa
866 1920 969 1965 med,
995 1921 1123 1966 Dalm,
1150 1920 1313 1955 Graecia,

271 1991 373 2023 1754.
417 1991 491 2023 ¹1¹h.
519 1991 720 2024 tuberosa
745 1989 817 2024 DC.
843 1990 866 2024 l.
889 1993 934 2025 ολ
961 1990 1032 2025 GR.
1060 1991 1190 2025 GODR.
1216 1991 1238 2025 1.
1265 2002 1293 2025 ο.
1318 2002 1352 2035 p.
1372 1991 1457 2024 297!
1484 1989 1609 2024 RCHB.
1635 1988 1684 2023 Ic.
1709 1987 1732 2022 1.
1751 2000 1779 2023 c.
1805 1988 1827 2022 f.
1846 1987 1880 2023 I!

175 2036 260 2080 (Th.
286 2047 452 2079 grumosa
476 2036 614 2079 BROT.,
640 2035 848 2070 Leontodon
873 2037 1078 2071 tuberosum
1102 2038 1155 2074 L..
1182 2038 1344 2082 Apargia
1366 2037 1535 2072 tuberosa
1562 2035 1644 2078 W.).
1684 2034 1882 2070 Persimilis

174 2082 481 2128 praecedentibus,
508 2081 570 2116 sed
587 2083 764 2126 perennis,
789 2083 984 2118 rhizomate
1002 2084 1099 2118 brevi
1117 2090 1289 2125 truncato,
1315 2084 1441 2118 tubera
1457 2082 1657 2118 fusiformia
1672 2082 1883 2117 fasciculata

180 2129 316 2171 edente,
343 2128 524 2163 achaeniis
550 2127 728 2171 2¹s'2-—3m
754 2129 776 2163 l.
802 2130 979 2173 tenuibus,
1010 2136 1126 2165 rostro
1152 2131 1258 2165 etiam
1282 2131 1317 2164 in
1342 2130 1524 2164 achaeniis
1550 2129 1638 2163 disci
1663 2129 1780 2164 fructu
1803 2129 1882 2163 bre-

174 2176 344 2228 vioribus,
378 2175 490 2220 pappi
523 2174 633 2210 radiis
666 2175 787 2210 multis
820 2176 897 2211 basi
923 2187 992 2211 non
1016 2177 1235 2212 incrassatis.
1286 2176 1390 2221 Scapi
1416 2177 1480 2211 sub
1507 2176 1677 2211 anthodio
1702 2186 1808 2221 saepe
1833 2178 1882 2211 in-

176 2228 340 2258 crassati.

269 2269 311 2302 In
342 2267 490 2303 collibus
523 2267 701 2308 arenosis,
738 2268 823 2303 locis
849 2269 1076 2311 graminosis,
1110 2269 1282 2313 glareosis
1307 2269 1459 2312 regionis
1485 2269 1660 2305 inferioris
1684 2269 1883 2314 Hispaniae

222 2315 400 2357 centralis,
427 2314 610 2349 orientalis
636 2319 671 2348 et
695 2315 865 2350 australis
890 2316 1038 2359 passim:
1071 2316 1109 2349 in
1134 2316 1227 2351 Cast.
1255 2321 1405 2359 utraque
1432 2316 1587 2360 (Montes
1613 2316 1655 2350 de
1681 2316 1829 2360 Burgos,
1855 2327 1882 2350 c.

226 2361 262 2396 la
287 2361 441 2405 Granja,
468 2361 501 2394 el
526 2360 709 2402 Escorial,
735 2372 778 2395 en
804 2361 838 2395 la
863 2362 1048 2405 Alcarria,
1075 2362 1207 2406 QUER,
1233 2362 1373 2406 COLM.,
1409 2374 1436 2397 c.
1463 2363 1605 2408 Lozoya
1636 2369 1671 2398 et
1695 2363 1884 2407 Peflalara,

225 2408 329 2449 CU'r.,
356 2407 531 2442 Talavera
555 2407 597 2442 de
623 2407 658 2441 la
676 2408 801 2453 Reina,
826 2408 1025 2452 BOURG.!),
1053 2409 1163 2444 Catal.
1190 2410 1239 2453 (in
1256 2410 1344 2444 colle
1362 2409 1557 2455 Monjuich,
1585 2410 1716 2452 SALV.,
1742 2410 1884 2455 CSTA.),

228 2465 334 2498 regno
352 2454 497 2488 Granat.
526 2454 566 2498 (c.
592 2453 625 2488 S.
644 2454 778 2498 Roque,
804 2455 917 2499 BSS.),
942 2456 1042 2490 Baet.
1070 2456 1111 2499 (c.
1131 2456 1260 2500 Gades,
1286 2456 1410 2501 VVBB„
1436 2457 1567 2491 Puerto
1593 2456 1636 2491 de
1662 2457 1732 2491 Sta.
1754 2456 1884 2501 Maria,

226 2501 365 2544 Sevilla,
392 2500 562 2541 Cordoba,
588 2501 742 2545 BOUT.!,
768 2501 897 2545 LGE.!,
923 2503 1094 2536 Sanlucar
1111 2503 1153 2537 de
1170 2503 1398 2543 Barrameda,
1417 2504 1627 2549 Ayamonte,
1653 2503 1768 2548 WK).
1799 2503 1885 2538 Pro-

227 2548 322 2583 venit
347 2548 454 2582 etiam
479 2547 515 2581 in
540 2547 700 2582 Gallecia
725 2548 862 2593 (LGE.).
889 2569 933 2574 -—
960 2557 995 2589 21.
1020 2549 1275 2594 Febr—Majo
1303 2552 1345 2595 (v.
1371 2550 1426 2593 v.).

272 2605 364 2640 Hab.
381 2605 418 2638 in
434 2604 559 2647 Lusit,
578 2605 738 2651 Barban,
764 2606 917 2651 Balear.,
943 2606 1035 2642 Gall.
1060 2608 1198 2651 merid.,
1223 2608 1317 2653 Ital,
1343 2607 1455 2653 Sard,
1481 2607 1587 2652 Sicil.,
1613 2607 1741 2652 Dalm,
1767 2607 1886 2650 Tum,

228 2651 365 2694 Graec„
391 2651 641 2695 Archipelago.

277 2721 379 2754 1755.
414 2722 487 2754 Th.
512 2731 762 2757 maroccana
786 2720 915 2757 PERS.⁴
932 2723 1046 2758 Ench.
1073 2723 1120 2767 II,
1146 2736 1178 2768 p.
1204 2725 1290 2759 368!
1317 2724 1387 2758 DC.
1414 2724 1436 2758 1.
1455 2734 1483 2757 c.
1509 2735 1541 2767 p.
1563 2725 1644 2758 100!
1671 2723 1770 2758 LGE.
1797 2724 1885 2767 Pug.

182 2780 217 2812 p.
236 2768 320 2801 145!
347 2766 426 2805 (Th.
452 2767 686 2803 mauritanica
703 2769 792 2804 SPR.
811 2780 855 2804 ex
871 2782 904 2814 p.
930 2770 1099 2815 Hyoseris
1117 2781 1326 2805 maroccana
1344 2770 1428 2813 W.).
1460 2769 1588 2804 Differt
1605 2781 1626 2804 a
1651 2770 1885 2814 praecedente

183 2813 302 2849 radice
335 2823 464 2855 annua,
499 2813 616 2856 ligulis
647 2817 883 2852 exterioribus
907 2816 1076 2862 adpresse
1102 2817 1265 2862 hispidis,
1292 2816 1472 2851 achaeniis
1505 2817 1702 2861 muricatis,
1735 2817 1887 2852 exterio-

183 2860 280 2896 ribus
305 2860 469 2903 breviter,
494 2860 721 2898 interioribus
739 2863 940 2907 longissime
965 2864 1141 2908 rostratis,
1167 2864 1276 2909 pappi
1301 2863 1410 2898 radiis
1437 2864 1586 2897 15—16.
1622 2863 1725 2908 Scapi
1750 2864 1886 2907 breves,

185 2907 269 2942 folia
292 2906 350 2941 vix
374 2911 593 2951 superantes.

233 2952 667 3043 ἮΙὲιΒῖειωρίέΒὲαθὺίοῗθ
693 2954 901 3000 (SCHOUSB.
927 2960 1018 2991 teste
1043 2955 1157 3001 LGE.)
1182 2961 1218 2991 et
1241 2966 1348 2999 regno
1374 2955 1521 2991 Granat.
1549 2956 1681 3001 (Sierra
1705 2956 1747 2991 de
1772 2955 1877 2999 Agua

340 3028 346 3034 .
387 3019 432 3024 --
535 3010 566 3033 n.
593 3012 622 3034 v.

278 3045 370 3081 Hab.
395 3046 433 3082 in
456 3045 674 3083 Mauritania
698 3052 734 3082 et
765 3057 871 3092 regno
896 3047 1122 3084 Maroccano.
