1947 3296
855 134 949 179 385

150 259 252 292 2203.
303 259 349 291 G.
377 258 598 291 cordifolia
622 255 662 290 L.
689 255 771 289 Cod.
809 266 841 290 n.
868 257 954 289 7901
1005 254 1093 288 WK.
1127 255 1149 288 l.
1176 266 1204 289 c.
1241 267 1272 298 p.
1300 257 1361 293 22,
1401 261 1424 289 t.
1452 256 1512 300 IV,
1551 257 1573 290 f.
1601 256 1634 291 11
1684 256 1756 290 GR.

59 305 188 340 GODR.
214 305 235 339 l.
261 315 289 339 c.
325 316 357 349 p.
385 305 469 337 755!
520 303 645 337 RCHB.
671 303 717 336 lc.
744 302 765 336 l.
792 313 820 335 c.
853 308 876 336 t.
908 303 989 344 195,
1023 302 1044 335 f.
1074 301 1099 343 1,
1126 301 1178 335 Il!
1230 301 1479 345 Suli'ruticosa,
1506 303 1639 347 glabra,
1666 303 1757 337 foliis

57 353 176 397 parvis
214 350 609 396 spathulato-cuneatis,
641 349 743 393 apice
780 348 1184 391 cordato-emarginatis
1208 360 1237 382 v.
1262 349 1433 383 truncatis
1460 350 1759 393 subemarginato-

59 398 330 443 mucronulatis,
355 397 481 442 planis,
506 397 542 430 in
567 396 736 441 petiolum
761 395 971 438 attenuatis,
1004 395 1097 429 laete
1121 395 1333 440 virentibus,
1368 396 1485 440 scapis
1511 397 1639 431 erectis
1670 396 1759 441 ¹l2—

57 447 103 480 4‘¹
121 447 142 480 l.
169 445 270 480 nudis
294 456 323 479 v.
347 443 675 489 pauci—squamatis,
700 442 856 486 squamis
880 442 1023 477 minutis
1050 442 1231 486 scariosis;
1259 442 1425 477 calathiis
1451 443 1756 487 hemisphaericis,

60 492 185 527 6—9“‘
210 492 332 535 diam,
358 490 517 535 cernuis,
549 489 719 525 involucri
743 488 876 534 phyllis
902 489 1226 532 obovato-oblongis
1251 489 1434 533 paleisque
1458 496 1760 525 mucronato-acu-

59 539 200 574 minatis
238 537 528 582 setoso-ciliatis;
566 537 696 581 calycis
733 536 896 570 bilabiati
935 536 1074 571 laciniis
1111 536 1194 570 tubo
1228 535 1273 570 ad
1311 536 1457 579 angulos
1496 537 1760 572 setoso-ciliato

60 585 272 630 longioribus
298 584 735 627 lanceolam-acuminatis,
762 583 847 617 labii
874 584 1062 627 superioris
1088 583 1215 617 erectis
1240 582 1417 618 inferioris
1434 583 1584 629 patulis,
1610 583 1761 618 corollae

58 633 141 668 tubo
166 631 377 675 subincluso,
402 631 487 666 labii
513 631 706 675 superioris
732 630 870 664 laciniis
895 630 989 664 labio
1013 630 1180 665 inferiore
1206 629 1348 664 dimidio
1371 630 1590 666 brevioribus
1615 635 1761 673 anguste

57 679 270 723 linearibus,
315 678 494 713 inferioris
539 678 633 712 infra
676 677 829 713 medium
873 688 984 721 usque
1026 676 1200 722 tripartiti
1242 676 1380 712 laciniis
1428 676 1535 721 duplo
1576 676 1762 713 latioribus

58 726 264 761 linearibus.

198 785 236 827 β.
266 792 386 817 nana
410 781 537 816 CAMB.
563 783 586 817 l.
613 785 656 817 c.!
708 781 795 816 WK.
821 781 843 816 l.
871 792 899 816 c.
925 786 949 816 t.
976 781 1038 825 IV,
1064 781 1086 815 f.
1114 783 1150 817 2!
1199 781 1324 817 RCHB.
1351 781 1399 817 Ic.
1425 782 1448 816 l.
1473 793 1503 817 c.
1528 781 1551 815 f.
1578 780 1650 816 III!
1691 791 1762 816 om-

268 829 370 864 nibus
392 829 555 873 partibus
580 829 783 873 minoribus,
808 829 903 863 foliis
928 828 1134 873 plerumque
1160 829 1397 873 complicatis,
1420 828 1597 873 angustis,
1623 828 1764 862 lineari-

267 877 437 918 cuneatis,
475 876 634 921 margine
659 876 849 910 crenulatis
874 875 1026 917 obtusis,
1066 876 1181 920 scapis
1206 876 1423 911 abbreviatis
1449 885 1554 920 saepe
1580 875 1762 919 subnullis‚

271 923 401 958 4—6“¹
427 922 549 967 diam,
582 923 712 968 calycis
745 923 829 957 tubo
855 921 961 957 dense
987 922 1136 967 hirsuto,
1162 922 1317 957 corollae
1341 923 1435 957 labio
1460 923 1628 957 inferiore
1653 932 1764 966 usque

271 970 316 1004 ad
341 970 484 1004 tertiam
509 970 622 1005 solum
646 974 785 1014 partem
809 968 927 1004 trifido
954 968 1008 1012 (G.
1034 980 1127 1003 nana
1151 974 1186 1004 et
1211 968 1252 1003 G.
1279 979 1407 1014 repens
1431 969 1578 1014 LAMK.,
1604 968 1646 1004 G.
1664 968 1764 1004 belli-

269 1016 393 1051 difolia
418 1016 534 1061 TEN.,
569 1016 611 1051 G.
636 1021 803 1051 montana
827 1016 1026 1050 humillima
1049 1026 1178 1061 repens
1202 1016 1386 1061 TOURN.).
1435 1017 1565 1051 Planta
1589 1015 1765 1060 caespites

268 1063 394 1098 densos
428 1063 644 1098 humillimos
675 1068 793 1098 terrae
824 1075 855 1098 v.
886 1063 982 1098 saxis
1015 1063 1203 1107 adpressos
1234 1063 1373 1098 format.
1403 1058 1526 1098 'Folia
1551 1062 1658 1098 dense
1683 1073 1765 1098 con-

268 1115 369 1154 gesta
402 1110 528 1144 3—8‘¹‘
554 1110 662 1154 long.⁷
698 1110 756 1144 vix
787 1109 916 1144 lineam
948 1110 1031 1145 lata.
1081 1109 1236 1145 Habitus
1269 1109 1370 1145 valde
1396 1110 1596 1153 singularis,
1622 1108 1684 1145 sed
1709 1119 1764 1144 oc-

266 1162 412 1192 currunt
448 1157 483 1191 in
507 1157 637 1203 Pyren.
663 1156 893 1192 Catalauniae
924 1156 1057 1192 formae
1082 1157 1314 1192 intermediae
1345 1157 1439 1193 inter
1463 1157 1610 1192 formam
1637 1166 1766 1191 nanam

268 1208 304 1239 et
328 1204 493 1250 typicam.

153 1260 195 1295 In
219 1262 362 1307 pascuis
393 1262 512 1307 siccis,
544 1261 716 1306 glareosis
748 1261 959 1306 rupiumque
990 1260 1129 1297 fissuris
1159 1262 1312 1306 regionis
1336 1267 1443 1297 mont.
1468 1267 1504 1297 et
1528 1261 1704 1307 subalpin.
1730 1272 1765 1295 a.

107 1318 176 1342 non
208 1309 276 1344 nisi
311 1309 347 1343 in
371 1309 553 1344 Catalaun.
586 1315 620 1345 et
645 1309 798 1352 Aragon.
832 1308 1024 1353 pyrenaica
1047 1308 1167 1353 ibique
1192 1319 1275 1344 rara
1301 1309 1342 1354 (c.
1368 1310 1505 1353 Berga‚
1530 1309 1641 1353 Vich,
1674 1307 1766 1351 Olot,

107 1354 274 1399 Surroca,
313 1356 348 1390 in
372 1356 582 1401 Pyrenaeis,
621 1356 757 1391 CSTA.l
794 1356 886 1390 valle
919 1356 962 1390 de
987 1356 1189 1400 Benasque,
1222 1356 1378 1397 ZETT.!)
1403 1377 1448 1382 —
1475 1359 1512 1398 β.
1537 1356 1573 1390 in
1597 1356 1765 1399 Aragon.,

111 1401 221 1437 Catal.
257 1408 292 1437 et
321 1413 428 1447 regno
454 1403 594 1438 Valent.
622 1403 708 1438 satis
735 1403 902 1447 frequens
930 1403 1187 1447 (Penablanca,
1214 1403 1426 1448 Castanesa,
1461 1403 1602 1446 ZETT.,
1639 1402 1768 1445 TIMB.,

107 1448 184 1483 Pto.
210 1449 253 1484 de
278 1450 468 1493 Canfranc,
494 1451 595 1485 Pena
619 1449 662 1484 (le
687 1449 810 1495 Oroel,
838 1450 944 1493 WK.,
975 1461 1003 1484 c.
1031 1450 1199 1494 Calcena,
1232 1450 1458 1495 Montalvan,
1482 1450 1639 1495 Fredes,
1665 1449 1767 1493 Ass,

108 1495 144 1529 in
175 1503 292 1532 monte
327 1497 486 1533 Tolocha
522 1503 556 1532 et
589 1496 719 1532 ditione
749 1497 993 1540 Maesti-azgo,
1031 1496 1166 1532 LOSC.!
1206 1498 1409 1532 Monserrat
1445 1496 1590 1541 abund,
1629 1496 1766 1530 SALV.!

110 1542 246 1587 COLM.,
273 1543 373 1586 WK.,
400 1544 522 1579 CSTA!
573 1544 751 1587 Monsant,
776 1544 898 1578 Monte
923 1543 1032 1587 Mola,
1057 1544 1246 1589 Monsech,
1273 1544 1327 1579 La
1351 1545 1460 1586 Pena,
1485 1556 1514 1579 c.
1532 1545 1659 1587 Berga,
1687 1543 1768 1577 Sur-

107 1600 206 1635 roca,
233 1591 328 1636 Olot,
356 1591 480 1637 CSTA,
506 1592 542 1625 in
567 1591 711 1625 montib.
736 1591 977 1635 Pefiagolosa,
1004 1591 1177 1630 Mai-iola,
1203 1592 1352 1637 Aitana,
1378 1592 1483 1627 Meca
1507 1598 1543 1627 et
1567 1591 1766 1630 Palomera,

108 1636 204 1672 CAV.
215 1641 248 1679 Ι).
298 1637 461 1674 Occurrit
487 1638 594 1673 etiam
617 1638 653 1672 in
679 1643 743 1673 vet.
771 1637 929 1673 Castella
955 1639 1021 1683 (pr.
1039 1638 1249 1684 Encinillas,
1276 1638 1420 1683 LGE.!).
1440 1659 1482 1663 —-
1502 1643 1526 1677 ᾖ
1547 1637 1766 1684 Apr.—Jun.

107 1687 151 1723 (v.
175 1685 220 1730 v.)
269 1685 454 1721 Varietas:
486 1685 627 1720 »Herba
653 1695 774 1730 negra,
800 1684 999 1729 Lluqueta«
1029 1685 1140 1721 Catal.

155 1742 246 1777 Hah.
265 1752 358 1788 spec.
375 1743 411 1777 in
428 1743 568 1788 Pyren.,
593 1743 754 1788 Cevenn„
773 1743 914 1789 Voges,
939 1742 1101 1788 Jurasso,
1126 1742 1258 1787 Alpib.,
1283 1741 1426 1788 Scardo,
1452 1742 1599 1787 Haemo,
1619 1742 1764 1787 Tauria,

92 1802 96 1803 ⁷
111 1789 148 1831 β.
174 1790 210 1823 in
236 1789 371 1832 Ligur„
396 1790 549 1835 Pedem,
576 1800 682 1834 regno
707 1790 957 1835 Neapolitano.

156 1848 332 1883 Observ.
383 1848 496 1892 Stirps
522 1847 562 1882 G.
590 1847 757 1882 cordatae
782 1848 921 1883 nomine
947 1859 968 1882 a
992 1848 1034 1882 cl.
1053 1847 1170 1890 QUER
1194 1858 1212 1882 e
1238 1847 1383 1881 montib.
1405 1847 1614 1892 Carpetanis
1641 1847 1770 1892 (Avila,

110 1894 362 1938 Bustarviejo),
396 1894 528 1948 ditione
560 1895 596 1929 la
619 1895 786 1930 Alc-arria
810 1901 846 1930 et
870 1894 1037 1931 Serrania
1063 1895 1105 1929 (le
1131 1895 1271 1930 Cuenca
1296 1893 1443 1929 laudata
1468 1895 1700 1939 probabiliter
1724 1894 1769 1928 ad

112 1952 185 1977 var.
208 1951 335 1978 uanam
362 1947 527 1986 pertinet.

696 2045 735 2067 ²¹²*
762 2047 904 2081 C'orolla
929 2046 1140 2081 unilabiata.

160 2140 262 2173 2204.
313 2141 361 2173 Gr.
387 2139 632 2173 nudicaulis
658 2138 699 2172 L.
726 2137 808 2173 Cod.
834 2149 866 2172 n.
893 2139 978 2172 791!
1030 2137 1118 2172 WK.
1145 2138 1167 2173 l.
1194 2149 1222 2172 c.
1249 2149 1282 2182 p.
1310 2138 1372 2181 23,
1408 2141 1431 2172 t.
1459 2136 1520 2180 IV,
1561 2137 1584 2172 f.
1612 2140 1648 2173 3!
1698 2138 1770 2173 GR.

67 2185 197 2220 GODR.
224 2185 246 2219 l.
273 2195 301 2219 c.
327 2197 360 2229 p.
379 2186 463 2219 755!
513 2184 639 2220 RCHB.
666 2185 713 2220 Ic.
742 2185 765 2219 1.
791 2196 820 2219 c.
853 2190 876 2219 t.
904 2186 982 2229 197,
1017 2184 1039 2219 f.
1066 2185 1140 2219 111!
1191 2184 1244 2229 (G.
1272 2184 1473 2230 pyrenaica,
1500 2184 1585 2218 folio
1610 2186 1771 2230 oblongo,

67 2233 167 2267 caule
192 2231 284 2266 nudo
310 2231 493 2275 TOURN.).
543 2232 746 2276 Herbacea,
778 2232 920 2275 glabra,
956 2232 1153 2266 rhizomate
1180 2232 1299 2267 crasso
1324 2231 1550 2275 multicipite,
1585 2232 1680 2267 foliis
1713 2233 1772 2267 ob-

69 2290 169 2314 scure
193 2279 387 2314 virentibus
412 2279 544 2320 nitidis,
570 2279 896 2323 obovato-oblongis
922 2279 1057 2313 obtusis
1084 2278 1120 2312 in
1146 2278 1316 2323 petiolum
1341 2278 1546 2321 longissime
1571 2280 1773 2323 attenuatis,

68 2326 303 2369 integerrimis
329 2326 535 2370 uninerviis3
564 2327 680 2371 scapis
706 2326 846 2361 9—-10¹‘
872 2326 893 2360 l.
919 2326 1048 2361 erectis
1073 2337 1102 2360 v.
1129 2325 1426 2361 adscendentibus
1453 2325 1516 2359 sub
1536 2326 1675 2370 antliesi
1700 2326 1774 2371 ple-

69 2383 214 2416 rumque
240 2383 261 2407 a
285 2372 377 2408 foliis
403 2374 593 2418 superatis,
628 2379 753 2418 postea
778 2383 819 2407 ea
844 2372 1112 2417 superantibus,
1145 2373 1296 2414 strictis,
1330 2373 1632 2416 paucisquamatis
1657 2385 1686 2407 v.
1713 2384 1773 2407 nu-

71 2418 139 2459 dis;
177 2419 342 2454 calathiis
379 2420 674 2464 hemisphaericis
711 2420 864 2454 8—12‘¹‘
890 2419 994 2455 diam.
1027 2418 1172 2463 erectis,
1209 2419 1379 2453 involucri
1416 2418 1552 2463 phyllis
1590 2419 1773 2464 paleisque

71 2466 278 2501 acuminatis
312 2466 462 2511 glabris,
500 2467 630 2512 calycis
660 2467 822 2501 bilabiati
854 2466 954 2501 fauce
987 2466 1071 2500 nudi
1097 2466 1182 2501 tubo
1207 2466 1455 2509 campanulato
1481 2464 1526 2499 ad
1550 2466 1698 2509 angulos
1724 2467 1772 2501 Ia-

72 2512 201 2548 terales
216 2513 518 2558 setuloso-ciliato,
537 2514 675 2549 laciniis
692 2513 1033 2557 ovato-acuminatis,
1059 2512 1147 2547 labii
1164 2512 1342 2547 inferioris
1359 2512 1595 2557 brevioribus,
1622 2513 1776 2548 corollae

73 2559 250 2595 9-nerviae
284 2560 378 2595 labio
414 2561 596 2605 superiore
627 2560 783 2596 obsoleto
813 2572 843 2594 v.
875 2560 1146 2602 rudimentario,
1185 2559 1348 2593 inferiore
1386 2559 1557 2603 profunde
1581 2559 1776 2606 tripartito,

72 2605 208 2642 laciniis
233 2606 426 2642 linearibus
451 2607 689 2642 acutiusculis.
716 2627 760 2632 -
786 2607 888 2641 Folia
913 2607 1028 2641 2ffi8‘¹
1053 2607 1166 2650 longa,
1193 2606 1320 2639 5-8¹¹‘
1345 2605 1429 2640 lata.

164 2664 207 2698 In
230 2665 454 2710 rupestribus
479 2665 691 2710 rupiumque
715 2664 851 2700 fissuris
876 2665 1049 2699 umbrosis
1074 2664 1229 2707 regionis
1254 2663 1354 2697 infer.
1381 2668 1416 2698 et
1449 2669 1555 2698 mont.
1581 2664 1776 2708 Hispaniae

120 2711 270 2755 box-eal„
305 2711 450 2747 central.
476 2718 511 2746 et
537 2711 720 2747 orientalis
744 2712 894 2756 passim:
929 2712 965 2745 in
991 2712 1112 2746 Astur.
1145 2711 1203 2752 (ad
1227 2711 1340 2745 Barco
1367 2709 1423 2744 del
1449 2710 1531 2745 Soto
1556 2722 1609 2755 pr.
1634 2710 1776 2755 Oviedo,

119 2757 320 2803 BOURG.!),
354 2758 499 2793 Cantab.
533 2758 582 2802 (in
614 2758 744 2793 ditione
769 2758 824 2793 las
849 2758 1144 2802 Encartaciones,
1185 2768 1211 2791 c.
1239 2757 1365 2791 Bilbao
1391 2757 1435 2791 ad
1462 2757 1494 2791 S.
1521 2757 1660 2802 Roque,
1692 2758 1778 2792 Pico

120 2804 163 2838 de
188 2804 366 2851 Sarantes,
392 2806 428 2839 in
451 2811 569 2839 monte
596 2805 697 2839 Pena
715 2804 887 2850 Gom-eya,
911 2805 1025 2849 WK.),
1051 2805 1214 2839 Navarra
1240 2804 1392 2847 (Bosque
1418 2804 1460 2838 de
1486 2803 1584 2849 Irati,
1610 2805 1710 2839 Pena
1735 2804 1777 2839 de

120 2850 280 2886 Estabou
303 2863 355 2896 pr.
381 2851 580 2896 Orbaizeta,
605 2850 736 2895 NEEO,
763 2852 916 2895 Aragon.
945 2853 1010 2896 (pr.
1036 2851 1136 2891 Jaca,
1164 2851 1279 2891 DUR,
1306 2851 1407 2885 Pena
1432 2850 1475 2884 de
1501 2850 1617 2896 Oroel,
1643 2852 1776 2886 Puerto

121 2897 163 2931 de
189 2897 376 2943 Canfranc,
412 2899 448 2933 in
480 2899 570 2933 valle
596 2899 807 2943 Pyrenaeor.
835 2899 930 2940 Izas,
958 2898 1080 2938 WK.),
1118 2898 1230 2933 Catal.
1267 2897 1399 2941 (Arties
1432 2897 1469 2931 in
1493 2899 1584 2933 valle
1610 2898 1653 2932 de
1678 2898 1777 2932 Aran

122 2949 157 2978 et
181 2944 264 2979 alibi
280 2945 317 2979 in
333 2946 472 2990 Pyren.,
498 2946 640 2989 CSTA.),
668 2945 761 2980 Cast.
780 2951 847 2980 vet.
867 2948 933 2990 (pr.
955 2944 1163 2990 Encinillas,
1190 2945 1314 2989 LGE.).
1332 2964 1377 2969 —-
1396 2952 1422 2986 22
1440 2944 1599 2989 Maj.-J
1603 2945 1649 2980 ul.
1677 2946 1719 2989 (v.
1735 2944 1779 2988 v.)

167 2989 257 3025 Hab.
282 2992 318 3026 in
342 2992 482 3037 Pyren.,
508 2992 638 3037 Alpib.,
662 2992 791 3036 Dalm„
818 2991 971 3026 Croatia.

167 3060 270 3094 2205.
318 3063 367 3096 Gr.
393 3064 565 3103 spinosa
588 3061 630 3096 L.
656 3061 738 3097 Cod.
765 3072 796 3096 n.
824 3062 909 3096 789!
941 3065 978 3096 et
1002 3060 1120 3095 MILL.
1151 3072 1219 3098 non
1243 3061 1343 3096 alior.
1371 3060 1425 3105 (Gr.
1450 3059 1610 3095 ilicifolia
1635 3058 1723 3093 WK.
1748 3058 1768 3092 l.

146 3128 233 3155 Flora
250 3130 412 3162 hispanica.
451 3132 493 3156 11.
1453 3119 1498 3152 25
