1947 3296
818 113 948 156 ⁴175

57 237 125 272 niis
149 235 338 271 turbinatis
365 233 421 268 2‘¹¹
446 234 468 270 1.
494 233 639 268 costatis
665 232 922 275 nigricantibus
947 230 1141 274 rugulosis,
1172 240 1289 274 pappo
1315 230 1413 264 niveo
1437 230 1570 265 nitente
1595 234 1757 277 sextuplo

54 283 285 319 brevioribus.

148 330 190 363 In
219 328 391 370 arenosis,
423 326 613 369 glareosis,
647 325 869 369 rupestribus
901 323 1150 365 sterilibusque
1182 322 1312 366 apricis
1338 322 1490 365 regionis
1517 324 1692 360 inferioris
1718 332 1753 360 et

100 381 288 410 montanae
312 372 508 417 Hispaniae
534 371 712 413 centralis,
737 371 920 405 orientalis
948 376 983 404 et
1007 369 1185 407 australis,
1213 369 1269 402 hic
1287 369 1321 402 in
1341 369 1516 411 regionem
1535 371 1755 416 subalpinam

103 422 147 458 ad
173 422 275 456 6000‘
300 430 410 463 usque
435 418 669 461 adscendens,
704 418 785 452 inde
817 429 838 452 a
868 417 1046 461 provincia
1072 415 1285 463 Madritensi
1311 421 1345 449 et
1370 416 1551 459 Aragonia
1576 419 1756 462 superiore

101 468 146 503 ad
172 467 424 505 Catalauniam,
450 476 596 508 regnum
621 464 860 502 Valentinum,
887 464 1083 498 Murcicum
1109 468 1144 496 et
1169 463 1389 496 Granatense
1417 473 1537 508 usque,
1564 465 1622 498 ubi
1648 465 1757 499 abun-

101 515 173 550 dat.
200 533 244 538 —
274 521 310 552 21.
334 513 572 556 Maio-Aug.
600 516 642 556 (v.
661 514 716 555 v.).
754 512 938 545 »Cuchara
962 510 1018 545 del
1045 515 1175 554 pastor,
1203 508 1314 543 Cardo
1341 516 1460 544 santo«
1490 510 1645 556 Castell,
1670 512 1758 546 Gra-

102 567 186 605 nat.,
216 560 377 594 »Cullera
403 559 445 593 de
470 565 603 604 pastor,
628 558 818 603 Cullereta,
846 558 979 602 Pinyar
1004 557 1046 591 de
1072 557 1105 590 S.
1132 556 1258 593 Joan«,
1285 556 1397 590 Catal.

148 608 239 642 Hab.
264 608 299 641 in
324 606 450 648 Lusit„
474 606 626 650 Balear.,
653 605 744 640 Gall.
769 610 891 649 austu,
917 604 1065 648 Sartha,
1091 604 1200 647 Cors.,
1227 603 1333 647 Sicil.,
1360 603 1543 637 Barbaria.

173 672 369 712 CCCXCI.
430 670 643 711 JURlNEA
677 671 788 711 Cass.
825 671 925 710 Dict.
960 683 1014 709 sc.
1058 674 1136 708 nat.
1176 667 1254 719 24,
1298 681 1332 721 p.
1367 667 1462 709 287.
1510 669 1587 710 DC.
1623 669 1758 709 l'roslr.

60 731 120 783 Vl,
153 744 189 784 p.
215 729 318 770 673!
363 729 607 769 Antliodium
642 729 957 781 campanulatum
991 733 1057 767 aut
1088 728 1317 777 obovatum,
1353 729 1527 778 squamis
1561 727 1661 766 laxis
1690 740 1759 766 ex—

58 789 372 842 appendiculatis
407 788 640 827 acuminatis
675 787 909 826 inermibus.
954 785 1262 837 Receptaculnm
1297 785 1422 837 paleis
1445 787 1629 838 angustis
1655 785 1759 824 fissis

59 849 241 887 obsitum.
286 847 424 886 Flores
458 858 599 886 omnes
633 845 824 898 aequales
860 843 1172 896 hermaphroditi
1197 843 1364 882 fertiles.
1411 843 1617 883 Antlierae
1641 844 1761 896 longe

60 906 267 955 caudatam,
302 903 440 944 caudis
474 916 595 956 saepe
629 904 747 942 fissis.
809 904 998 956 Stigmata
1033 902 1172 941 libera.
1226 901 1427 940 Achaenia
1463 902 1761 954 obpyramidata

58 969 284 1016 tetragona,
320 962 498 1001 faciebus
523 961 951 1010 denticulato—scabra,
989 959 1066 998 hilo
1091 971 1211 1011 parvo
1235 959 1411 1011 obliquo,
1447 959 1560 999 disco
1585 961 1762 1013 epigyno

61 1023 239 1074 margine
274 1020 435 1059 dentato
468 1020 615 1068 cincto,
651 1031 777 1071 pappo
810 1019 938 1071 piloso
971 1018 1107 1070 longo,
1142 1017 1230 1069 pilis
1261 1017 1649 1069 plumoso-ciliolatis
1675 1018 1763 1057 basi

59 1080 98 1119 in
132 1078 320 1118 annulum
355 1083 568 1129 angustum
602 1078 817 1116 concretis.
843 1101 899 1105 —
922 1076 1079 1115 Herbae
1115 1075 1284 1114 humiles
1318 1089 1351 1116 v.
1385 1075 1638 1127 subacaules,
1674 1089 1762 1116 cae-

61 1137 238 1190 spitosae
272 1138 471 1186 inermes,
513 1135 627 1175 caule
661 1134 907 1187 subsimplici
941 1133 1242 1185 monocephalo.
1308 1133 1411 1173 Folia
1445 1145 1561 1186 supra
1595 1135 1764 1174 virentia

61 1198 482 1246 excavato-punctam,
527 1194 669 1234 subtus
703 1195 1093 1242 niveo-tomentosa,
1136 1191 1324 1230 basilaria
1358 1191 1484 1231 dense
1518 1193 1696 1232 rosulata
1729 1205 1763 1231 v.

61 1253 299 1305 caespitosa.
363 1252 546 1291 Corollae
581 1264 822 1305 purpureae,
856 1263 949 1290 raro
982 1251 1108 1289 albae.

156 1320 258 1353 1652.
307 1321 348 1354 J.
374 1320 540 1353 humilis
566 1318 637 1353 DC.
669 1319 691 1354 1.
717 1331 746 1354 c.
778 1331 811 1363 p.
837 1319 921 1352 677!
963 1317 1009 1361 (J.
1035 1317 1187 1351 Bocconi
1213 1316 1327 1351 GUSS.
1353 1322 1388 1351 et
1413 1316 1446 1350 J.
1473 1317 1666 1361 pyrenaica
1691 1316 1763 1351 GR.

61 1366 190 1401 GODR.
224 1367 246 1401 l.
275 1376 304 1400 c.
337 1378 371 1410 p.
399 1367 484 1400 2701
534 1366 717 1401 Serratula
742 1365 886 1400 humilis
911 1364 1032 1398 DESF.
1065 1364 1119 1398 Fl.
1146 1364 1206 1398 ati.
1242 1370 1266 1398 t.
1293 1365 1378 1398 220!
1415 1369 1450 1398 et
1475 1363 1546 1397 DC.
1574 1363 1628 1397 Fl.
1654 1364 1696 1398 fr.
1721 1364 1764 1408 V,

62 1425 94 1458 p.
121 1414 206 1448 458!
250 1412 384 1447 Serrat.
408 1413 524 1447 mollis
551 1413 647 1447 CAV.
674 1413 722 1448 Ic.
748 1418 772 1448 t.
800 1414 855 1457 90,
881 1412 904 1446 f.
933 1414 969 1446 1!
1012 1411 1171 1446 Carduus
1197 1410 1312 1445 mollis
1338 1409 1448 1455 GOU.,
1475 1411 1582 1444 ASSO
1608 1416 1643 1445 et
1668 1410 1766 1445 LAP.

60 1471 129 1494 non
153 1459 208 1503 L.)
258 1459 405 1494 Acaulis
437 1471 468 1494 v.
499 1460 726 1505 breviscapa,
760 1460 956 1494 rhizomate
987 1470 1126 1500 crasso,
1163 1458 1302 1492 rosulas
1328 1458 1469 1492 steriles
1495 1457 1638 1501 edente,
1675 1458 1767 1492 foliis

60 1507 219 1542 omnibus
243 1506 459 1541 basilaribus
486 1506 592 1541 dense
616 1507 798 1551 rosulatis,
825 1505 980 1540 breviter
1004 1505 1202 1549 petiolatis,
1236 1504 1523 1549 primordialibus
1550 1515 1656 1549 saepe
1681 1504 1770 1539 indi—

61 1554 144 1588 visis
176 1553 516 1599 obovato—oblongis,
551 1554 678 1589 ceteris
710 1552 928 1598 pinnatifidis
962 1563 990 1585 V.
1025 1552 1324 1596 pinnatipartitis,
1360 1551 1448 1585 iobis
1474 1551 1684 1586 lanceolatis
1710 1552 1769 1586 ob-

64 1601 232 1645 longisve,
256 1600 384 1635 leviter
408 1601 576 1635 revolutis
600 1600 853 1644 integeri·iinis;
891 1599 1046 1634 calathio
1073 1599 1173 1633 unico
1200 1599 1234 1632 in
1261 1598 1402 1633 rosulae
1428 1604 1549 1633 centro
1576 1599 1769 1641 subsessili,

63 1646 223 1682 anthedii
248 1647 387 1682 obovati
417 1646 574 1689 ¹,0'2-³J'4‘¹
601 1648 623 1681 l.
649 1648 804 1691 squamis
830 1646 1180 1681 lineari-lanceolatis
1214 1646 1315 1689 longe
1347 1645 1517 1690 acutatis,
1555 1645 1658 1680 dorso
1690 1647 1769 1690 plus

65 1694 178 1729 minus
204 1694 421 1738 tomentosis,
448 1694 575 1728 erectis
601 1706 630 1729 v.
650 1695 750 1739 apice
778 1693 1114 1738 squarroso-patulis
1141 1705 1169 1728 v.
1188 1693 1362 1732 recurvis:
1391 1692 1533 1728 corollis
1560 1692 1669 1726 dilute
1688 1704 1768 1737 pur-

64 1742 182 1785 pureis
207 1741 308 1784 longe
335 1740 496 1785 exsertis,
522 1740 617 1776 disco
648 1741 783 1785 ΕΛΖ-Ἠ
802 1741 918 1783 diam„
947 1740 1127 1774 achaeniis
1145 1740 1201 1772 2¹¹¹
1216 1740 1238 1773 1.
1258 1739 1365 1773 fuscis
1383 1750 1500 1783 pappo
1519 1739 1598 1773 albo
1617 1740 1770 1784 4—51)lo

64 1788 296 1823 brevioribus.
322 1809 347 1811 —
376 1788 503 1822 Variat
521 1788 614 1823 foliis
633 1799 739 1832 supra
756 1787 1060 1831 glabrescentibus
1085 1787 1178 1821 laete
1203 1786 1373 1820 viridibus
1400 1792 1434 1820 et
1460 1787 1613 1820 tenuiter
1638 1792 1769 1821 tomen-

65 1835 150 1870 tosis
177 1835 526 1869 cinereo—virentibus
558 1847 587 1868 v.
621 1835 905 1877 canescentibus,
940 1833 1029 1867 lobis
1063 1833 1317 1867 mucronulatis
1351 1833 1571 1877 obtusisque,
1611 1833 1770 1868 anthodii

65 1882 221 1925 squamis
238 1881 432 1916 virentibus
450 1886 485 1915 et
502 1881 822 1916 cano-tomentosis.
850 1881 979 1915 Planta
996 1881 1182 1924 hispanica
1201 1890 1340 1924 semper
1358 1890 1511 1924 exscapa
1530 1889 1606 1915 esse
1621 1880 1770 1914 videtur.

158 1928 200 1962 In
232 1928 418 1971 glareosis.
452 1929 691 1972 rupestribus,
726 1928 867 1972 pascuis
898 1927 1029 1971 apricis
1062 1927 1215 1970 regionis
1246 1933 1432 1961 montanae
1465 1933 1499 1961 et
1532 1926 1673 1970 alpinae
1699 1927 1769 1961 imo

114 1975 248 2019 nivalis,
275 1976 390 2010 rarius
414 1974 590 2009 inferioris
616 1975 759 2019 passini,
785 1975 821 2008 in
846 1974 1019 2018 Hispania
1044 1974 1193 2008 australi
1217 1974 1397 2017 frequens:
1425 1974 1461 2007 in
1485 1974 1662 2008 montibus
1687 1974 1772 2008 Car-

112 2023 251 2067 petanis
277 2023 408 2067 (Sierra
432 2021 475 2055 (16
501 2021 653 2059 Gredos,
680 2021 713 2055 S.
740 2021 781 2055 de
807 2020 1069 2065 Guadarrama,
1102 2021 1274 2055 BOURG.!
1300 2022 1433 2055 ALEA!
1459 2032 1512 2065 pr.
1538 2020 1571 2054 el
1597 2020 1773 2064 Escorial,

113 2069 259 2112 LGE.!),
286 2070 381 2104 Cast.
406 2078 494 2102 nova
520 2069 568 2112 (in
593 2069 670 2103 coll.
697 2079 839 2113 gypsae.
866 2080 918 2112 pr.
945 2068 1136 2111 Aranjuez,
1162 2067 1277 2102 LGE.!
1306 2068 1412 2101 Cerro
1438 2067 1480 2101 (16
1506 2067 1541 2101 la
1566 2067 1715 2110 Recilla,
1742 2079 1771 2102 c.

112 2117 148 2151 la
178 2115 355 2156 Guardia,
382 2115 511 2158 CAV).
548 2116 701 2158 Aragon.
736 2116 879 2159 (Puerto
912 2114 954 2148 (16
986 2115 1189 2158 Benasque.
1223 2114 1470 2159 Penablanca,
1496 2114 1637 2159 AETT„
1663 2115 1772 2158 BTH.,

114 2162 263 2197 ENDR.!
289 2164 325 2197 in
350 2173 484 2197 summo
505 2162 590 2206 jugo
616 2162 861 2205 Javalambre,
887 2162 1008 2204 Ass),
1045 2161 1155 2195 Catal.
1183 2161 1319 2205 (Monte
1345 2161 1449 2205 Catii,
1476 2161 1618 2205 ISERN,
1657 2173 1710 2206 pr.
1737 2161 1772 2195 la

115 2210 181 2244 Seo
206 2209 248 2243 de
273 2209 394 2253 Urgel,
420 2208 570 2254 COIM.),
597 2220 705 2252 regno
731 2209 871 2243 Valent.
899 2209 948 2252 (in
971 2208 1150 2243 montibus
1175 2220 1226 2252 pr.
1246 2208 1425 2251 Enguera,
1452 2208 1661 2252 Monduber,
1688 2208 1772 2242 Oro-

116 2256 235 2301 speda,
259 2257 295 2290 in
319 2261 438 2291 tractu
463 2256 618 2295 Santich,
645 2255 788 2298 CAVA),
811 2255 970 2289 Murcico
997 2255 1128 2299 (Sierra
1155 2254 1196 2289 de
1215 2255 1378 2300 Alc-araz,
1404 2255 1519 2299 FK.!)‚
1546 2254 1692 2289 Granat.
1719 2255 1770 2298 (in

115 2303 259 2338 montib.
283 2303 402 2337 Sierra
426 2302 591 2341 Nevada,
615 2303 648 2337 S.
675 2302 826 2346 Tejeda,
855 2302 887 2336 S.
914 2302 956 2336 (16
982 2301 1104 2346 Lujar,
1131 2301 1164 2335 S.
1191 2301 1233 2335 (16
1259 2301 1388 2347 Gador,
1415 2302 1447 2336 S.
1475 2301 1517 2335 (16
1543 2301 1679 2335 Jarana
1704 2307 1771 2336 etc,

117 2350 161 2384 ad
188 2350 246 2384 alt.
274 2349 460 2393 5—9000‘,
487 2348 640 2395 CLEM.!,
667 2349 796 2393 Wes,
822 2349 925 2393 Bss.,
952 2348 1053 2393 WK„
1079 2349 1269 2393 BOURG.!‚
1297 2348 1468 2392 CAMPol,
1496 2348 1636 2393 ALTH.)
1663 2368 1707 2372 —-
1736 2357 1771 2388 zi.

115 2396 354 2440 Majo—Aug.
382 2396 422 2439 (v.
447 2396 504 2439 v.).

163 2441 255 2476 Hab.
279 2444 316 2476 in
339 2441 432 2476 Gall.
458 2441 579 2476 merid.
607 2441 815 2486 (Cevennis),
842 2441 948 2485 Sici].,
974 2441 1160 2475 Barbaria.

163 2488 334 2523 Observ.
368 2487 525 2522 Directio
543 2494 577 2522 et
602 2488 781 2531 longitudo
807 2498 1033 2532 squamarum
1058 2487 1218 2522 anthedii
1241 2487 1278 2520 in
1303 2487 1371 2520 hac
1397 2486 1507 2530 stirpe
1532 2485 1633 2521 valde
1658 2487 1773 2521 varia-

117 2535 199 2570 bilis
225 2546 269 2569 ex
293 2545 371 2569 mea
397 2534 537 2577 quidem
563 2536 737 2570 sententia
762 2534 806 2568 ad
831 2534 1098 2577 distinguendas
1125 2534 1261 2578 species
1293 2533 1435 2567 minime
1469 2532 1610 2568 sufficit.
1660 2533 1773 2576 Quam

117 2583 160 2617 ob
185 2592 259 2616 rem
284 2581 318 2616 J.
343 2581 494 2615 Bocconi
519 2586 554 2614 et
579 2580 612 2614 J.
646 2582 873 2626 pyrenaicam
906 2580 1167 2625 conjungendas
1200 2580 1253 2614 vel
1285 2580 1400 2624 potius
1435 2580 1706 2625 supprimendas
1738 2586 1773 2615 et

119 2628 153 2663 J.
181 2629 349 2663 humilem
375 2627 446 2662 DC.
472 2628 752 2662 resuscitandam
777 2639 854 2663 esse
880 2638 1017 2662 censeo.

166 2677 266 2710 1653.
315 2677 353 2710 J.
387 2677 566 2716 pinnata
591 2673 661 2709 DC.
695 2675 717 2708 1.
745 2686 772 2709 c.
806 2687 838 2719 p.
866 2676 950 2709 676!
986 2674 1069 2707 BSS.
1103 2673 1191 2717 Voy.
1226 2673 1294 2707 bot.
1329 2672 1416 2717 Esp.
1450 2685 1482 2717 p.
1516 2674 1600 2715 369,
1636 2678 1660 2707 t.
1689 2675 1772 2707 113!

74 2722 292 2767 (Staehelina
322 2722 469 2766 pinnata
494 2720 608 2763 LAG.)
658 2721 886 2765 Caulescens,
921 2721 1116 2754 rhizomate
1150 2730 1270 2754 crasso
1301 2720 1440 2754 rosulas
1472 2721 1611 2755 steriles
1637 2720 1774 2764 edente,

73 2770 232 2804 caulibus
257 2769 417 2814 pluribus
446 2768 559 2801 1-—4'‘
585 2767 608 2801 l.
635 2768 763 2802 erectis
789 2767 975 2809 subnudis,
1012 2766 1229 2810 simplicibus
1262 2778 1292 2800 v.
1317 2766 1395 2801 basi
1427 2766 1463 2800 in
1494 2777 1611 2802 ramos
1644 2777 1775 2811 paucos

73 2815 204 2861 divisis,
230 2827 331 2850 cano-
357 2827 385 2849 v.
412 2815 748 2858 niveo-tomentosis3
777 2814 869 2849 foliis
895 2824 1002 2858 supra
1026 2813 1106 2857 plus
1132 2813 1246 2847 minus
1273 2813 1477 2848 tomentosis
1504 2814 1773 2848 cinereo-viren-

73 2863 166 2897 tibus
189 2875 220 2898 v.
244 2862 528 2903 canescentibus.
562 2860 635 2895 fere
661 2861 820 2895 omnibus
845 2861 1058 2895 basilaribus
1085 2859 1192 2894 dense
1219 2860 1447 2905 caespitosis,
1484 2861 1638 2896 breviter
1664 2860 1774 2905 petio-

74 2909 155 2944 latis
187 2909 485 2954 pinnatipartitis,
523 2908 612 2942 iobis
646 2907 837 2942 linearibus
873 2906 1109 2949 integerrimis
1147 2907 1332 2951 revolutis3
1371 2907 1536 2942 calathiis
1572 2907 1773 2951 fastigiatis,

74 2956 234 2990 anthedii
251 2955 491 3000 campanulati
513 2954 641 2988 4—6“‘
660 2955 679 2988 l.
706 2954 861 2997 squamis
887 2953 1250 2997 lineari-lanceolatis,
1276 2954 1400 2997 acutis,
1427 2953 1618 2998 adpressis,
1643 2960 1774 2988 tomen-

74 3003 170 3047 tosis,
195 3003 294 3048 apice
319 3012 425 3047 saepe
450 3001 806 3046 purpurascentibus3
843 3001 982 3035 corollis
1008 3000 1213 3045 purpureis,
1239 3011 1320 3035 raro
1346 3000 1453 3045 albis,
1488 3000 1584 3035 disco
1615 2999 1774 3042 'jz-“li“

75 3047 196 3095 diam,
221 3049 401 3086 achaeniis
427 3048 483 3083 2¹¹¹
508 3048 530 3082 l.
556 3048 682 3093 fuscis,
715 3058 832 3093 pappo
864 3046 1004 3083 sordide
1035 3047 1116 3083 albo
1147 3047 1254 3093 triplo
1279 3047 1520 3092 quadruplove
1545 3046 1774 3082 brevioribus.
