1947 3221
958 88 1018 132 32

192 215 308 250 ferior.
343 219 378 249 et
409 218 560 248 montan.
593 213 628 245 in
652 210 826 254 Hispania
856 208 1044 253 praecipue
1069 204 1300 249 meridionali,
1336 204 1396 238 ubi
1422 204 1505 239 hinc
1530 203 1614 238 inde
1640 204 1677 238 in
1701 205 1833 248 region.

194 261 366 304 subalpin.
399 258 590 301 adscendit,
623 265 657 292 et
688 255 863 290 orientali:
901 255 934 287 in
961 253 1069 287 Catal.
1103 252 1246 291 (ditione
1282 251 1314 284 el
1340 251 1478 295 Valles,
1515 249 1701 295 COSTA!>,
1727 263 1834 295 regno

193 308 332 343 Valent.
364 312 494 346 <moute
519 306 635 339 Sierra
660 303 701 337 de
727 302 850 342 Cliiva,
887 300 986 345 WK.,
1012 299 1055 333 ad
1081 298 1113 331 S.
1139 298 1263 347 Felipe
1295 296 1336 330 de
1361 296 1500 340 Jativa,
1526 296 1658 342 ΒΗΚ),
1684 297 1831 333 Granat.

193 355 243 394 (in
267 354 300 387 S.
327 353 368 387 de
393 353 503 389 Baza,
529 352 695 385 BOURG.!
738 349 769 383 S.
795 347 939 381 Nevada
973 345 1018 379 ad
1049 345 1108 378 alt.
1135 346 1257 382 6000‘,
1283 343 1371 378 FK!
1407 355 1435 378 c.
1462 343 1618 389 Estepa,
1653 344 1765 390 Bss.),
1801 345 1836 378 in

194 406 310 434 monte
334 399 483 433 Gibralt.
500 391 621 435 Kish..
657 397 691 429 iu
716 395 813 429 Baet.
840 400 953 433 (ucuni
978 392 1017 425 B.
1050 401 1164 425 annua
1195 395 1229 424 et
1253 390 1399 435 perenni
1423 390 1620 435 vulgaris,«
1649 391 1781 436 WBB.,
1807 403 1836 426 c.

196 447 322 481 Sevilla
347 445 472 479 abund.
497 436 636 478 BOUT.!
664 442 769 477 WK..
807 441 875 474 San
900 440 1016 473 Lucar
1041 437 1082 471 de
1108 438 1286 481 Barraur,
1321 436 1435 481 Conil,
1463 436 1586 471 CLEM.
1616 438 1654 472 in
1689 439 1834 473 montib.

198 493 368 527 Marianis
391 492 433 525 ad
461 490 717 525 Valdehuertas
742 494 776 522 et
806 486 970 526 Cordova,
995 485 1121 527 LGE.1‚
1148 483 1240 517 Cast.
1267 494 1355 517 nova
1379 483 1567 522 (Talavera
1591 483 1634 518 de
1659 485 1694 519 la
1712 485 1836 529 Reina,

196 541 395 575 BOURG.!›;
422 558 464 562 —-
491 538 526 578 β.
553 537 632 569 hinc
657 535 737 568 inde
762 535 797 567 in
822 534 961 575 regione
987 530 1110 574 calida,
1136 536 1241 564 mont.
1268 536 1302 564 et
1330 530 1517 574 subalpina
1541 531 1643 575 Hisp.
1670 532 1836 567 centralis

197 586 244 621 (S.
270 586 311 619 de
337 577 574 618 Guadarrama
602 583 635 615 in
661 582 788 615 Puerto
814 579 855 613 de
882 578 1071 612 Reventon.
1098 576 1233 614 COLM..
1260 576 1401 611 Reor!
1435 588 1463 611 c.
1489 577 1725 622 Bustarviejo,
1749 578 1838 613 Baz-

198 640 275 669 tan.
312 632 361 666 los
386 631 537 671 Hueros,
575 629 831 670 Torrelaguua,
866 625 988 664 CUT.!)
1020 630 1055 658 et
1084 623 1250 658 australis
1283 623 1415 666 (Sierra
1445 623 1488 657 de
1513 624 1641 668 Mijas,
1676 622 1778 659 S.'de
1804 625 1839 658 la

199 671 325 720 Nie've,
363 677 506 711 Serania
538 675 578 709 de
610 674 740 716 Ronda,
776 673 876 706 BSS.!
918 672 950 705 S.
982 670 1023 704 de
1049 670 1175 713 Lujar,
1211 669 1310 713 WK,
1346 670 1440 704 circa
1465 669 1648 713 Granada,
1684 671 1838 715 CAMPO,

199 724 316 759 Gades
334 731 369 758 et
386 723 523 765 Sevilla,
550 721 646 756 ΨΚ..
674 720 785 755 LGE.›
810 718 852 752 ati
871 718 930 752 alt.
956 718 1134 761 0—60003
1153 737 1198 741 —
1218 729 1251 758 γ.
1277 717 1312 750 in
1337 717 1496 751 arenosis
1514 717 1614 752 vallis
1632 718 1674 752 de
1692 718 1837 764 Loyola,

200 783 251 815 pr.
278 772 310 804 S.
336 770 519 805 Sebastian
542 767 760 808 Cantabriae⁷
789 765 891 808 WK.;
912 784 954 788 —-
973 763 1004 797 ὃ.
1023 764 1057 797 in
1074 764 1215 808 pascuis
1243 763 1346 798 siccis
1372 763 1417 797 ad
1435 763 1676 799 Cente-Rubio
1700 777 1753 810 pr.
1778 765 1840 800 Sa-

200 818 372 860 lanianca,
408 815 494 848 WK.
519 834 563 838 —
589 822 624 854 22.
652 813 765 857 Majo,
792 811 891 855 Jun.,
923 811 958 844 in
982 810 1081 854 Hisp.
1108 816 1217 845 austr.
1240 810 1314 854 ,iam
1340 810 1573 855 Dec.—Apr.,
1598 811 1635 845 in
1659 822 1731 855 reg.
1759 813 1839 847 sub-

201 865 234 898 al
265 892 270 897 .
297 863 377 903 Jul.,
403 863 492 895 Auo.
518 870 560 900 (pv.
586 871 630 897 v.)

237 876 336 943 pHab.
355 888 487 953 species
505 908 539 940 in
557 906 679 944 Lusit..
706 904 850 948 Europa
868 903 1088 937 mediterran.
1113 903 1216 947 omni,
1243 902 1413 947 Smyrnae
1431 908 1538 947 atque
1556 903 1591 937 in
1609 904 1839 939 Mauritania.

248 968 346 1000 1267.
394 968 438 999 Β.
470 965 747 998 rotundifolia
777 963 860 996 BSS.
895 962 1017 996 REUT.
1054 961 1140 1004 Pug.
1168 963 1228 996 55!
1267 961 1433 1001 (Bellium
1471 962 1735 996 rotundifolium
1767 962 1838 997 DC.

158 1014 364 1047 Doronicum
381 1011 638 1045 rotundiiolium
656 1010 775 1043 DESF.
794 1009 846 1042 Fl.
868 1009 926 1043 atl.
947 1009 990 1042 ΙΙ.
1011 1010 1089 1042 279.
1107 1015 1132 1041 t.
1151 1009 1218 1042 235
1243 1008 1265 1041 f.
1287 1011 1302 1041 1
1316 1011 1338 1047 Ξ)
1356 1018 1426 1042 var.
1453 1008 1731 1053 hispanicum
1750 1008 1839 1043 WK.

155 1060 315 1095 (Bellium
341 1057 555 1093 coi-difolium
581 1057 675 1090 KZE.
702 1056 815 1089 Chlor.
847 1067 879 1089 n.
906 1057 1017 1089 5902).
1067 1054 1330 1099 Stolouiterum,
1367 1055 1558 1090 stolonibus
1585 1056 1769 1100 scapisque
1795 1055 1840 1090 ad

155 1107 252 1140 basin
278 1105 424 1148 foliatis,
450 1104 541 1138 foliis
567 1102 790 1138 subrotundis
815 1114 843 1136 V.
870 1102 1026 1145 oblongis
1052 1101 1129 1136 basi
1154 1102 1234 1146 plus
1259 1102 1374 1136 minus
1399 1101 1569 1148 cordatis,
1594 1102 1841 1147 repando-cre—

155 1153 262 1195 natis,
295 1150 673 1195 pubescenti-hirtulis,
709 1150 743 1182 in
774 1148 939 1192 petiolum
973 1149 1114 1192 longum
1139 1148 1217 1183 basi
1243 1148 1314 1183 late
1338 1149 1561 1191 vaginantem
1587 1150 1737 1194 abrupte
1763 1161 1842 1185 con-

156 1199 290 1241 tractis:
327 1197 442 1241 scapis
468 1197 634 1230 6—10‘11
679 1195 848 1235 robustis.
882 1196 1016 1239 apicem
1048 1205 1168 1229 versus
1208 1195 1401 1229 attenuatis
1438 1206 1515 1229 cum
1547 1196 1689 1240 petiolis
1720 1197 1840 1241 patule

155 1245 299 1288 villosis,
326 1244 478 1278 calathio
502 1254 625 1286 magno
651 1242 782 1285 (ligulis
807 1242 970 1285 expansis
999 1241 1272 1287 1—-1¹„:‘2‘¹lat.),
1300 1242 1458 1276 anthodii
1495 1243 1650 1286 squamis
1676 1243 1841 1287 oblongo-

156 1291 361 1333 linearibus,
395 1290 542 1334 obtusis,
578 1289 678 1324 dorso
710 1289 920 1330 subvillosis,
954 1288 1243 1334 atrovirentibus,
1278 1288 1395 1332 ligulis
1427 1290 1623 1324 numerosis
1649 1290 1842 1325 linearibus

159 1339 257 1372 albis.
285 1337 404 1371 subtus
429 1336 778 1380 purpurascentibus:
816 1336 1036 1380 receptaculo
1061 1346 1224 1380 convexo,
1249 1346 1366 1380 pappo
1392 1346 1410 1370 e
1435 1335 1549 1380 paleis
1574 1337 1723 1372 setaceis
1747 1337 1842 1371 inae-

158 1385 318 1428 qualibus
345 1383 492 1417 mediani
519 1385 590 1417 fere
615 1382 772 1417 achaenii
798 1381 1047 1425 longitudinem
1073 1382 1307 1425 aequantibus
1332 1382 1502 1417 formatis.

251 1430 291 1463 In
324 1429 458 1464 fissuris
492 1430 626 1473 rupium
660 1429 897 1463 arenariarum
931 1429 1102 1464 umbrosis
1136 1428 1290 1464 humidis
1323 1429 1358 1463 in
1390 1429 1503 1463 latere
1529 1429 1692 1464 orientali
1716 1430 1844 1464 montis

206 1476 322 1510 Sierra
359 1475 399 1510 de
431 1475 554 1510 Palma
589 1488 638 1520 pr.
678 1476 881 1520 Algeciras,
917 1475 961 1510 ad
998 1476 1058 1510 alt.
1096 1477 1268 1509 1—2000¹
1303 1476 1460 1522 copiose,
1498 1475 1605 1517 WK.,
1642 1475 1768 1511 REUT.
1798 1496 1842 1501 —

206 1530 240 1562 λι.
266 1523 370 1556 Mart.
396 1528 438 1559 (v.
464 1534 508 1555 ν.)

255 1568 429 1603 Observ.
480 1568 604 1601 Planta
637 1567 803 1602 atlantica
836 1578 879 1602 ex
916 1568 1013 1602 icone
1050 1574 1083 1603 et
1121 1569 1358 1614 descriptione
1391 1569 1599 1604 Fontanesii
1633 1574 1738 1612 atque
1775 1578 1844 1603 sec.

210 1615 399 1659 specimina
423 1625 443 1648 a
477 1615 517 1648 cl.
544 1614 732 1648 B01SSIER
759 1621 790 1648 et
816 1614 986 1648 REUTER
1018 1626 1107 1649 anno
1140 1617 1231 1650 1849
1263 1616 1357 1650 circa
1390 1615 1484 1650 Oran
1515 1616 1609 1651 lecta
1639 1626 1845 1660 mecumque

209 1661 457 1695 communicata
490 1660 626 1694 defectu
659 1660 845 1703 stolonum,
879 1662 1018 1705 petiolis
1051 1663 1106 1696 vix
1140 1663 1387 1706 vaginantibus
1413 1662 1600 1707 scapisque
1626 1662 1846 1697 tenuioribus

210 1707 583 1751 scabridro-puberulis
617 1713 649 1741 et
682 1717 797 1751 pappo
823 1708 1023 1743 brevissimo
1047 1719 1067 1743 a
1092 1709 1203 1754 stirpe
1227 1709 1414 1754 hispanica
1439 1709 1524 1745 satis
1549 1709 1739 1754 discrepat.
1787 1710 1845 1743 An

208 1764 328 1788 revera
354 1753 473 1788 eadem
498 1753 646 1798 planta?

274 1824 449 1864 CCCXV.
504 1823 713 1863 BELLIUM
736 1824 776 1863 L.
803 1824 921 1865 MANT.
970 1825 1186 1866 Calatinum
1221 1827 1538 1880 heterogamum,
1573 1827 1840 1877 multiflorum,

165 1882 335 1921 autbodii
376 1881 675 1934 hemisphaerici
719 1883 891 1934 squamis
934 1884 1209 1936 biserialibus,
1254 1885 1512 1937 receptaculo
1550 1886 1831 1925 ovato-conice

168 1939 301 1979 Flores
335 1939 491 1977 feminei
524 1940 724 1977 numerosi
757 1941 1003 1981 uniseriales.
1058 1943 1260 1982 Achaenia
1293 1944 1475 1993 obovata,
1508 1955 1635 1996 pappo
1668 1956 1690 1982 e
1721 1942 1847 1995 paleis

167 1997 254 2035 lulis
277 1997 465 2036 truncatis
489 1995 629 2035 4—-10
652 1997 892 2049 totidemque
918 2000 1014 2038 setis
1038 2000 1236 2054 elongatis
1269 2013 1356 2040 cum
1389 2001 1515 2054 paleis
1547 2001 1847 2040 alternantibus.

263 2063 361 2096 1268.
410 2065 454 2096 B.
480 2064 742 2098 bellidioides
777 2064 817 2098 L.
844 2064 923 2099 Cod.
951 2068 1058 2101 6415!
1107 2067 1236 2103 GREN.
1262 2067 1391 2103 GODR.
1416 2068 1472 2103 Fl.
1496 2067 1538 2101 fr.
1571 2067 1618 2102 II.
1646 2068 1732 2102 1051
1770 2067 1848 2102 Viv.

165 2109 303 2151 Fragm.
331 2115 354 2142 t.
379 2111 430 2142 10.
456 2109 508 2148 (B.
534 2109 646 2142 nivale
671 2110 796 2149 ΗΕΘΜ,
822 2111 928 2146 Bellis
951 2113 1203 2149 droseraefolia
1228 2114 1325 2150 GOU.
1351 2114 1453 2149 LAM.
1480 2114 1534 2149 Ill.
1572 2119 1596 2149 t.
1623 2115 1701 2148 684.
1726 2113 1848 2149 Bocc.

166 2167 250 2207 mus.
278 2161 300 2189 t.
320 2156 426 2206 107.»
475 2155 734 2198 Stoloniferum,
761 2158 908 2202 gracile,
932 2160 1157 2204 pubemlum,
1185 2162 1378 2197 stolonibus
1403 2162 1590 2206 scapisque
1615 2161 1850 2206 filiformibus,

167 2202 258 2236 folus
283 2212 409 2246 parvis,
436 2202 589 2253 obovatis
613 2213 641 2236 v.
669 2204 899 2247 spathulatis,
924 2206 959 2239 in
984 2207 1152 2250 petiolum
1178 2209 1318 2252 longum
1343 2209 1556 2249 attenuatis,
1581 2207 1625 2242 ad
1648 2208 1751 2242 basin
1775 2217 1850 2242 sca-

169 2259 291 2292 porum
317 2254 419 2290 atque
444 2258 479 2281 in
505 2248 675 2282 stolonum
700 2250 798 2294 apice
823 2251 1004 2297 rosulatis3
1040 2255 1154 2299 scapis
1180 2256 1308 2290 erectis
1334 2255 1503 2300 1—4‘¹1.,
1538 2255 1703 2290 calathiis
1733 2254 1851 2298 parvis

168 2293 278 2346 (radio
304 2304 460 2346 expanso.
480 2296 605 2327 4-6”’
623 2295 724 2340 lato),
751 2297 908 2331 anthodii
935 2301 1087 2342 squamis
1111 2302 1334 2347 lanceolatis,
1366 2302 1484 2346 ligulis
1509 2301 1703 2336 linearibus
1728 2301 1851 2336 roseis.

168 2340 317 2375 Habitus
337 2339 481 2374 Bellidis
508 2351 653 2374 annuae.

260 2386 299 2419 In
324 2387 528 2438 Catalaunia
552 2391 617 2431 (pr.
642 2387 767 2429 Berga.
795 2389 1006 2435 Tam-agona,
1032 2392 1191 2435 COSTA.)
1216 2414 1260 2419 —-
1288 2403 1322 2435 21.
1348 2394 1570 2439 Majo-Jul,
1594 2397 1640 2435 (n.
1665 2398 1712 2434 v.)

260 2433 348 2467 Hab.
373 2444 408 2466 in
432 2444 496 2467 ins.
522 2433 671 2476 Balear.,
697 2434 847 2479 Corsica,
873 2436 1020 2482 Sardin.⁷
1046 2438 1203 2485 Euboea,
1230 2441 1362 2486 Chalci,
1388 2441 1524 2477 Rhodo.

286 2510 457 2548 Subtrib.
480 2509 520 2550 ll.
573 2510 907 2552 ERIGERINEAE
941 2515 1059 2555 Goon.
1094 2519 1212 2558 (initu.
1246 2519 1269 2558 1.
1293 2533 1326 2559 c.
1361 2517 1435 2559 92!
1485 2518 1658 2558 Calathia
1689 2518 1849 2558 hetero-

174 2578 301 2617 gama,
335 2567 565 2618 plerumque
598 2568 759 2619 radiata,
794 2572 923 2609 rarius
957 2573 1187 2626 homogama
1221 2576 1439 2616 discoidea.
1487 2577 1690 2616 Achaenia
1720 2577 1849 2616 antici.=

173 2634 416 2674 compressa,
449 2636 538 2663 raro
571 2625 799 2677 cylindrica,
834 2628 1067 2682 plerumque
1101 2638 1293 2685 ecostata,
1326 2647 1451 2687 pappo
1482 2636 1622 2687 piloso.

286 2702 478 2742 CCCXVI.
512 2703 770 2767 ,ERIGERON
802 2707 841 2746 L.
881 2709 972 2748 GEN.
1006 2711 1040 2762 pl
1111 2712 1327 2754 Calathium
1362 2715 1683 2767 heterogamum,
1719 2715 1846 2754 multi·

172 2759 326 2810 florum,
362 2760 533 2799 autbodii
567 2761 864 2814 hemisphaerici
904 2769 1076 2818 squamis
1111 2771 1347 2823 imbricatis,
1386 2774 1642 2825 receptaculo
1678 2774 1831 2813 subeon

172 2829 288 2866 vexo,
322 2817 515 2856 alveoluto
591 2818 725 2858 Flores
758 2823 995 2874 peripherici
1029 2826 1207 2879 feminei,
1240 2830 1539 2882 manserimus,
1574 2843 1715 2871 omnes
1750 2831 1846 2882 ligu-

170 2874 234 2913 lati
254 2879 317 2913 aut
341 2874 552 2914 interiores
576 2874 950 2920 fililormi-tubulosi.
994 2884 1194 2924 Achaenia
1219 2887 1566 2941 lincari—oblonga.¹
1603 2900 1849 2941 compressa,

172 2937 361 2982 ecostata,
396 2932 507 2984 pappi
541 2933 627 2983 pilis
659 2935 952 2988 uniserialibus,
987 2940 1162 2981 breviter
1194 2944 1346 2987 ciliatis.
1377 2969 1429 2974 —
1452 2947 1610 2986 Herbae
1643 2947 1756 2986 caule
1793 2946 1848 2985 fo>

171 2988 263 3027 liato
284 2989 565 3041 monocephalo
586 3002 620 3028 v.
638 2991 920 3046 pleiocepbalo‚
947 2997 1122 3037 calathus
1147 3005 1225 3039 [um
1247 3004 1494 3054 corymbosis
1517 3009 1582 3043 aut
1604 3003 1849 3056 panii-ulans.
