1947 3296
851 129 943 173 193

49 246 143 282 ribus
169 245 297 280 erectis
321 246 511 281 linearibus
537 246 743 291 cuspidatis,
769 247 870 291 apice
894 247 1058 283 scariosis
1077 253 1111 283 et
1128 250 1486 294 purpurascentibus;
1513 251 1655 287 corollis
1673 263 1756 296 pur-

49 292 168 338 pureis
193 291 327 327 discum
351 293 503 326 8-10¹‘¹
529 292 590 328 lat.
617 293 886 337 mentientibus,
914 294 1095 329 achaeniis
1124 294 1226 337 l¹l2⁴¹¹
1252 295 1273 329 l.
1302 297 1489 341 testaceis,
1525 298 1660 334 striatis
1687 298 1755 333 ele-

49 344 243 384 ganterque
268 345 468 374 transverse
493 339 680 383 rugulosis,
706 339 838 381 nitidis,
864 351 981 385 pappo
1008 341 1087 376 albo
1113 342 1219 386 triplo
1245 341 1476 377 brevioribus.

143 385 185 419 In
209 384 397 429 ruderatis,
424 384 469 420 ad
492 386 577 425 vias,
605 398 722 421 muros
748 387 902 431 regionis
921 388 1096 423 inferioris
1116 395 1151 423 et
1169 395 1355 423 montanae
1374 389 1571 434 Hispaniae
1590 391 1755 436 borealis,

95 432 262 467 centralis
298 438 333 466 et
371 432 554 467 orientalis
594 437 742 478 passim:
782 437 816 467 in
852 440 1000 478 utraque
1038 436 1131 470 Cast.
1173 437 1213 479 (c.
1250 436 1405 481 Burgos,
1431 436 1560 481 LGE.!,
1598 437 1754 482 Segovia,

95 477 233 521 QUER.,
259 478 516 524 Torrelaguna,
544 480 700 519 Baztan,
726 480 843 524 CUT.),
869 481 1031 516 Navarra
1058 484 1099 525 (c.
1125 482 1200 516 urb.
1227 483 1432 529 Pamplona,
1459 483 1574 529 NVK),
1600 484 1754 529 Aragon.

96 526 161 570 (pr.
187 525 310 568 Biber,
338 525 505 569 Calcena,
532 526 715 571 Rodenas,
742 527 776 560 in
803 527 922 562 Sierra
948 528 991 562 de
1016 529 1216 574 Villaroya,
1243 530 1349 572 Ass„
1376 530 1411 564 in
1437 531 1581 565 montib.
1609 531 1756 566 austral.

94 571 225 652 ξφα,
250 572 367 607 LOSC.
393 573 550 617 PARD.),
578 573 688 608 Catal.
724 576 858 618 (versus
895 575 1050 611 Tarrasa
1076 582 1110 612 et
1136 576 1340 622 Sabadell‘?,
1366 576 1504 622 COLM.)
1531 597 1573 601 -
1618 583 1643 613 ¹.
1670 578 1755 623 Ju1.‚

133 629 188 662 ug.
216 621 259 663 (v.
284 620 338 661 v.).

141 665 232 700 Hab.
251 666 286 699 in
304 665 407 701 Gall..
433 666 534 700 Brit..
560 666 735 709 Nor-weg..
761 667 893 712 Gothl„
920 669 1046 703 Dania.
1074 668 1220 714 Europa
1246 669 1361 704 media
1386 671 1489 705 omni.
1516 669 1597 706 Ital.
1626 681 1754 716 supera,

95 711 232 754 Graec..
259 713 374 748 Creta.
401 712 501 747 Ross.
527 713 616 748 med.
644 721 678 748 et
703 715 862 749 australi.

140 759 312 794 Observ.
360 759 559 793 Secundum
591 761 632 795 cl.
660 761 793 795 COSTA
820 761 942 805 (Flora
968 761 1010 795 de
1036 762 1147 797 Catal.
1174 775 1207 808 p.
1238 764 1333 803 13711
1359 764 1468 808 stirps
1495 774 1513 797 e
1543 763 1755 798 Catalaunia

92 805 238 841 laudata
262 806 306 841 ad
332 806 367 841 C.
395 807 652 851 nigrescentem
678 808 788 843 VILL.
816 809 983 853 pertinet.

142 877 244 910 1703.
280 878 321 910 C.
347 879 665 917 myriacanthus
684 877 830 911 SALZM.
857 878 902 922 pl.
931 889 1002 913 exs.
1032 879 1132 922 1825,
1160 877 1230 912 DC.
1258 878 1381 913 Prodr.
1409 879 1430 913 l.
1449 890 1478 914 c.
1505 892 1539 924 p.
1558 880 1643 914 624!
1680 879 1755 914 Dif-

45 922 114 957 fert
140 935 161 958 a
184 921 348 967 praeced.
373 924 539 958 calathiis
565 924 784 967 aggregatis,
817 925 973 968 squamis
1010 924 1171 959 anthodii
1204 925 1431 961 interioribus
1458 926 1651 961 exteriores
1676 927 1755 962 lati-

48 968 169 1004 tudine
195 969 442 1014 superantibus
467 971 567 1014 apice
592 971 694 1013 longe
721 971 886 1006 scariosis
912 980 946 1006 et
972 982 1117 1006 amoene
1141 973 1493 1017 purpurascentibus,
1519 974 1755 1008 exterioribus

48 1015 229 1061 adpressis
247 1016 456 1052 lanceolatis
475 1018 629 1052 tenuiter
647 1018 930 1062 spinescentibus
947 1019 1003 1052 vix
1020 1019 1296 1054 vulnerantibus.
1315 1020 1474 1054 omnibus
1492 1021 1613 1064 patule
1631 1021 1756 1055 arach-

48 1062 333 1102 noideo-villosis,
361 1064 541 1098 achaeniis
569 1066 624 1097 2¹¹¹
650 1064 671 1098 l.
698 1065 838 1109 pallidis
865 1065 999 1099 striatis
1027 1065 1087 1099 sed
1113 1076 1183 1098 non
1209 1072 1408 1100 transverse
1444 1067 1600 1111 rugosis,
1636 1078 1754 1113 pappo

48 1110 155 1154 triplo
181 1110 410 1144 brevioribus.
429 1130 471 1135 ——
488 1111 616 1146 Planta
635 1111 850 1156 subpedalis.
876 1113 976 1146 caule
995 1112 1143 1157 simplici
1164 1113 1297 1154 stricto,
1323 1112 1368 1147 ad
1385 1114 1521 1158 apicem
1547 1125 1657 1158 usque
1675 1126 1754 1149 con-

49 1157 146 1191 tinue
169 1157 274 1191 alato.
316 1156 418 1190 Folia
437 1168 545 1202 supra
562 1158 824 1202 glabrescentia
843 1159 965 1194 subtus
983 1170 1169 1203 araneosa,
1188 1159 1279 1194 laete
1298 1160 1459 1203 virentia,
1484 1160 1656 1204 profunde
1680 1162 1756 1206 pin-

50 1203 272 1248 natipartita,
299 1203 389 1238 lobis
415 1203 581 1239 foliorum
607 1205 813 1248 alarumque
837 1206 982 1241 minutis
1009 1206 1337 1241 ovato-lanceolatis
1362 1208 1659 1242 numerosissimis
1684 1219 1757 1243 cre-

51 1251 204 1286 berrime
231 1250 420 1294 spinulosis
446 1257 481 1285 et
505 1252 541 1285 in
567 1252 704 1296 spinam
730 1252 934 1287 validiorem
961 1253 1213 1288 desinentibus.
1247 1253 1412 1288 Calathia
1435 1260 1563 1299 erecta,
1589 1255 1758 1290 anthodio

57 1304 158 1333 ovato
184 1298 313 1331 7—8“¹
340 1297 373 1340 l.‚
401 1299 543 1333 corollis
568 1309 713 1333 amoene
737 1301 935 1344 purpureis,
962 1299 1096 1334 (liscum
1122 1300 1251 1334 8-9¹“
1269 1300 1330 1334 lat.
1355 1301 1615 1336 mentientibus.
1648 1302 1757 1346 Squa-

53 1355 131 1379 mae
156 1343 317 1379 anthodii
343 1345 645 1391 membranaceae,
670 1347 896 1391 applanatae,
921 1346 1014 1381 laete
1039 1347 1181 1391 virides,
1206 1346 1251 1381 ad
1274 1347 1376 1382 basin
1396 1358 1504 1391 usque
1523 1359 1626 1384 nervo
1642 1349 1757 1384 medio

49 1391 246 1437 prominulo
273 1402 477 1435 percursae.

140 1438 182 1472 In
206 1438 363 1473 arenosis
388 1438 575 1473 maritimis
601 1438 722 1473 isthmi
748 1437 978 1474 Gibraltarici
1004 1449 1086 1474 raro
1111 1438 1240 1483 (WK.).
1259 1459 1303 1464 -—
1325 1442 1367 1482 Ε)
1386 1440 1484 1486 Ap1·.,
1510 1441 1609 1486 Majo
1635 1443 1677 1486 (v.
1695 1442 1740 1487 V.)

141 1485 233 1520 Hab.
259 1486 294 1519 in
318 1485 441 1520 Africa
465 1485 608 1520 boreali.

140 1544 242 1577 1704.
293 1545 336 1577 C.
362 1545 648 1578 Reuterianus
673 1542 759 1578 BSS.
785 1542 913 1586 Diagn.
939 1543 988 1588 pl.
1015 1543 1139 1578 orient.
1167 1554 1234 1578 ser.
1262 1544 1317 1589 ΙΙ,
1345 1546 1375 1588 3,
1406 1556 1441 1589 p.
1468 1547 1531 1580 44!
1570 1545 1619 1588 (C.
1645 1546 1756 1581 Bour-

47 1599 200 1633 gaeanus
234 1590 319 1624 BSS.
353 1590 479 1625 REUT.
512 1590 640 1634 Pugill.
673 1603 706 1635 p.
740 1591 800 1625 62!
852 1590 888 1625 C.
921 1590 1188 1636 myriacanthus
1219 1591 1304 1625 BSS.
1338 1591 1425 1636 Voy.
1463 1592 1532 1627 bot.
1567 1592 1654 1638 Esp.
1687 1605 1755 1629 non

47 1636 211 1682 SALZM.;
238 1637 393 1671 BOURG.
426 1638 474 1682 pl.
507 1637 598 1682 hisp.
631 1638 756 1672 exsicc.
792 1638 900 1681 1851,
937 1648 969 1671 n.
1007 1639 1114 1672 1228!
1165 1638 1201 1671 C.
1232 1639 1488 1682 pteracanthus
1514 1639 1614 1674 DUR.
1649 1639 1755 1686 Expl.

47 1683 166 1727 Alger.
193 1690 216 1719 t.
244 1685 288 1717 50
313 1689 404 1719 teste
430 1684 603 1728 LANGE.)
652 1684 795 1719 Pedalis
826 1697 856 1718 v.
890 1684 1164 1729 sesquipedalis,
1198 1686 1298 1719 caule
1333 1691 1450 1720 erecto
1481 1686 1651 1731 adpresse
1677 1698 1755 1723 ara-

47 1737 392 1776 neoso-canescente,
418 1732 556 1775 folioso,
584 1742 735 1776 superne
761 1742 917 1775 ramoso,
944 1743 1021 1766 cum
1048 1732 1155 1766 ramis
1180 1731 1225 1765 ad
1249 1732 1386 1776 apicem
1414 1744 1523 1776 usque
1547 1740 1695 1777 anguste
1720 1740 1756 1769 et

45 1777 241 1822 interrupte
266 1778 372 1822 alato,
398 1778 490 1813 lobis
516 1779 653 1812 alarum
679 1779 834 1812 breviter
852 1784 886 1812 et
904 1778 976 1813 late
996 1778 1272 1821 triangularibus
1291 1779 1621 1825 spinoso-dentatis3
1647 1782 1755 1816 ramis

47 1825 147 1869 apice
173 1825 428 1870 approximatis
454 1831 488 1859 et
514 1825 720 1870 corymbose
740 1826 759 1858 5
775 1825 1020 1869 *VT-cephalis,
1048 1825 1113 1859 alis
1139 1835 1262 1859 eorum
1289 1836 1307 1859 e
1333 1826 1443 1870 spinis
1461 1827 1624 1862 brevibus
1643 1828 1755 1862 tenui-

45 1871 111 1906 bus
136 1871 210 1905 fere
235 1877 371 1906 tantum
405 1872 663 1911 constantibus:
697 1872 791 1906 foliis
825 1872 1049 1913 lanceolatis,
1084 1872 1477 1917 siiniato-pinnatifidis,
1511 1874 1641 1909 infimis
1675 1875 1755 1910 sub-

46 1919 229 1961 rosulatis,
263 1918 423 1953 omnibus
457 1929 564 1962 supra
596 1918 922 1963 araneoso-pilosis,
960 1919 1083 1953 subtus
1118 1918 1288 1963 adpresse
1319 1921 1754 1967 canescenti-tomentosis⁷

46 1965 135 2000 lobis
162 1965 560 2007 ovato-triangularibus
586 1966 740 2000 breviter
763 1965 930 2000 lobulatis
958 1965 1289 2010 spiiioso-(lentatis;
1324 1967 1492 2001 calathiis
1519 1968 1671 2003 breviter
1694 1979 1752 2013 pe-

47 2011 246 2046 dunculatis
280 2024 309 2046 v,
344 2012 613 2051 subsessilibus,
651 2011 809 2047 anthodii
842 2012 970 2046 6—-S¹¹‘
998 2013 1018 2046 l.
1054 2012 1286 2056 glabriusculi
1320 2013 1475 2056 squamis
1510 2014 1599 2049 laxis
1637 2015 1753 2060 planis

46 2058 413 2098 lineari-lanceolatis,
445 2059 680 2093 exterioribus
713 2070 818 2093 nervo
849 2059 962 2093 medio
996 2060 1133 2094 elevato
1164 2060 1355 2105 percursis.
1383 2061 1665 2104 spinescentibus
1692 2062 1753 2098 sed

46 2106 104 2140 vix
127 2106 381 2150 pungentibus,
414 2106 703 2150 patulo-erectis,
735 2107 868 2140 intimis
893 2106 1080 2141 latioribus
1105 2106 1279 2151 elongatis
1304 2107 1500 2151 cuspidatis
1526 2109 1626 2153 apice
1651 2110 1753 2153 longe

46 2152 423 2197 purpureo—scariosis;
450 2153 590 2187 corollis
614 2154 727 2188 roseis
753 2163 834 2187 raro
860 2153 963 2196 albis,
989 2152 1086 2187 disco
1112 2154 1238 2188 6—8‘¹‘
1265 2153 1382 2197 (lia1n.,
1408 2154 1588 2191 achaeniis
1609 2154 1712 2199 1³14‘0
1730 2156 1752 2191 l.

47 2199 188 2243 pallidis
213 2199 333 2234 nitidis
360 2200 494 2235 striatis
512 2206 546 2234 et
562 2200 723 2235 minutim
741 2200 927 2244 rugulosis,
954 2210 1072 2244 pappo
1091 2200 1172 2235 albo
1190 2201 1296 2245 triplo
1313 2201 1542 2237 brevioribus.
1560 2222 1604 2228 —
1623 2203 1753 2248 Spinae

47 2246 209 2281 foliorum
235 2246 439 2290 alarumque
465 2253 600 2290 tenues,
629 2248 753 2280 1ψ2’Η
780 2247 814 2291 l.,
841 2246 1084 2281 flavescentes.

187 2293 226 2332 β.
255 2293 638 2329 subacanthoides
664 2293 762 2327 LGE.
788 2294 875 2337 Pug.
901 2306 934 2338 p.
963 2296 1044 2328 140!
1072 2294 1165 2329 foliis
1191 2294 1439 2337 glabriusculis
1465 2297 1672 2339 profundius
1699 2297 1750 2331 in-

255 2340 353 2378 cisis.
402 2340 510 2384 spinis
551 2341 715 2375 foliorum
757 2342 937 2384 caulisque
978 2341 1087 2375 latius
1128 2341 1214 2375 alati
1257 2341 1494 2377 crebrioribus
1534 2343 1753 2387 longioribus

257 2388 290 2429 (2
315 2408 318 2409 ν
341 2387 395 2420 3””
415 2387 452 2430 l.)
479 2394 513 2421 et
537 2387 777 2422 validimibus.
827 2387 980 2422 Habitus
1007 2387 1040 2421 C.
1068 2387 1300 2422 acanthoidis.

189 2444 224 2477 9²·
249 2434 684 2477 pycnocephaloides
710 2434 808 2468 LGE.
835 2435 856 2468 l.
876 2446 915 2469 c..
943 2434 1107 2478 pallidus,
1132 2435 1222 2469 lobis
1248 2434 1410 2468 foliorum
1437 2435 1601 2470 brevibus
1627 2446 1750 2480 parce-

257 2489 323 2522 que
349 2479 511 2523 spinosis,
537 2481 603 2514 alis
630 2481 777 2515 caulinis
803 2481 1012 2525 interruptis
1030 2481 1237 2516 brevissime
1256 2482 1416 2525 spinosis,
1443 2482 1608 2518 calatliiis
1631 2483 1751 2528 pauci-

256 2526 372 2559 oribus
399 2526 577 2560 evidenter
601 2527 857 2570 pedunculatis.
906 2528 1058 2562 Habitus
1086 2528 1121 2562 C.
1148 2528 1417 2572 pycnocephali.

141 2571 181 2604 In
206 2573 298 2606 arvis
324 2573 483 2613 incultis,
518 2573 694 2608 ruder-atis
727 2575 881 2617 regionis
907 2575 1083 2609 inferioris
1108 2581 1142 2608 et
1169 2575 1422 2609 submontanae
1450 2575 1646 2620 Hispaniae
1672 2587 1750 2611 een-

95 2619 196 2653 tralis
222 2624 257 2652 et
281 2620 448 2654 australis
474 2620 621 2663 passim:
657 2622 691 2654 in
717 2621 809 2655 Cast.
835 2632 924 2655 nova
950 2624 990 2663 (c.
1019 2621 1225 2663 Madrituin.
1252 2621 1375 2655 REUT.
1403 2621 1447 2655 ad
1471 2623 1544 2657 vias
1571 2628 1606 2657 et
1630 2624 1751 2657 ambu—

93 2664 190 2699 lacra
223 2665 354 2709 frequ..
382 2666 518 2709 CUT..¹),
550 2677 658 2709 regno
683 2667 798 2701 Jienn.
826 2667 883 2711 (ad
908 2669 1051 2702 Bailen.
1079 2668 1228 2711 LGEA),
1263 2668 1409 2702 Granat.
1438 2670 1479 2712 (c.
1507 2670 1672 2704 Albolote
1698 2682 1750 2714 pr.

95 2711 300 2748 Granatam.
327 2712 470 2756 LGE.!),
496 2713 595 2748 Baet.
622 2717 662 2755 (c.
682 2714 800 2756 Cadiz,
827 2714 942 2753 Jerez,
969 2715 1065 2750 BSS..
1095 2715 1230 2755 REUT..
1256 2715 1444 2759 BOURG.);
1472 2736 1515 2740 -—
1542 2720 1579 2759 β.
1606 2717 1641 2750 in
1665 2728 1750 2759 agro

94 2759 240 2793 Madrit.
268 2759 411 2803 (LGEA)
447 2768 479 2794 et
513 2772 565 2804 pr.
593 2760 713 2794 Cullar
744 2760 786 2795 de
810 2761 907 2796 Baza
932 2761 1152 2804 (BOURG.!):
1180 2782 1223 2785 —
1249 2774 1284 2807 9¹-
1311 2762 1355 2796 ad
1389 2764 1460 2797 vias
1493 2775 1520 2798 c.
1557 2764 1634 2798 urb.
1660 2763 1752 2798 Jaen

95 2805 247 2850 (Lem).
273 2827 316 2831 —
341 2810 380 2848 G)
405 2807 504 2851 Apin,
531 2807 629 2851 Majo
656 2814 697 2850 (v.
725 2810 776 2850 s.).
830 2807 963 2842 »Cardo
990 2809 1217 2852 borriquero«
1247 2809 1538 2845 Madritensibus.

141 2878 242 2910 1705.
277 2879 324 2911 C·
350 2879 551 2918 Gayanus
572 2877 672 2911 DUR.
699 2878 734 2910 in
760 2877 827 2911 litt.
856 2879 944 2910 1837
971 2878 1018 2921 (C.
1046 2878 1224 2912 confertus
1252 2878 1288 2916 β.
1315 2889 1510 2923 purpureus
1535 2878 1606 2914 DC.
1626 2879 1749 2913 Prodr.

49 2921 71 2954 l.
97 2934 124 2956 c.
158 2935 190 2967 p.
217 2924 302 2958 625!
331 2933 365 2958 et
390 2924 475 2958 Bss.
502 2924 589 2969 Voy.
616 2925 684 2958 bot.
713 2923 799 2968 Esp.
833 2937 865 2968 p.
893 2926 978 2959 361!
1030 2924 1064 2958 C.
1100 2925 1240 2959 ciliatus
1266 2925 1421 2961 POURR.
1449 2926 1506 2960 hb.
1534 2932 1625 2961 teste
1652 2927 1748 2960 LGE.

3 3000 9 3009 Ξ
50 2966 85 3001 C.
111 2977 320 3014 carpetanus
346 2971 429 3005 BSS.
456 2970 581 3005 REUT.
609 2971 773 3014 Diagnos.
802 2982 832 3004 n.
857 2973 942 3015 351).
984 2971 1166 3013 Perennis,
1191 2972 1410 3017 pluricaulis,
1437 2973 1596 3008 caulibus
1622 2974 1749 3007 erectis

49 3025 78 3048 v,
111 3015 404 3053 adscendentibus
442 3019 544 3052 1—2‘
577 3018 598 3052 l.
634 3018 850 3062 simplicibus
884 3030 912 3051 v.
940 3028 1088 3062 superne
1114 3019 1280 3062 ramosis,
1316 3019 1637 3061 albo-tomentosis,
1672 3030 1749 3054 cum

48 3063 152 3097 ramis
179 3063 222 3097 ad
248 3064 384 3108 apicem
410 3076 518 3109 usque
544 3065 614 3100 late
640 3065 701 3099 sed
726 3065 922 3109 interrupte
947 3065 1069 3100 alatis.
1105 3066 1171 3099 alis
1198 3066 1232 3099 in
1257 3066 1357 3101 lobos
1382 3066 1620 3110 triangulares
1647 3066 1749 3108 longe

116 3132 204 3157 Flora
224 3134 384 3164 hispanica.
424 3136 465 3159 Il.
1429 3126 1470 3157 13
