<?xml version="1.0" encoding="UTF-8"?>
<!DOCTYPE html PUBLIC "-//W3C//DTD XHTML 1.0 Transitional//EN"
    "http://www.w3.org/TR/xhtml1/DTD/xhtml1-transitional.dtd">
<html xmlns="http://www.w3.org/1999/xhtml" xml:lang="en" lang="en">
 <head>
  <title>
</title>
<meta http-equiv="Content-Type" content="text/html;charset=utf-8" />
  <meta name='ocr-system' content='tesseract 3.04.00' />
  <meta name='ocr-capabilities' content='ocr_page ocr_carea ocr_par ocr_line ocrx_word'/>
</head>
<body>
  <div class='ocr_page' id='page_1' title='image "./prodromusfloraeh02will_0168.png"; bbox 0 0 1947 3296; ppageno 0'>
   <div class='ocr_carea' id='block_1_1' title="bbox 969 91 1062 135">
    <p class='ocr_par' dir='ltr' id='par_1_1' title="bbox 969 91 1062 135">
     <span class='ocr_line' id='line_1_1' title="bbox 969 91 1062 135; baseline 0 0"><span class='ocrx_word' id='word_1_1' title='bbox 969 91 1062 135; x_wconf 86' lang='lat'>160</span> 
     </span>
    </p>
   </div>
   <div class='ocr_carea' id='block_1_2' title="bbox 159 208 1867 1135">
    <p class='ocr_par' dir='ltr' id='par_1_2' title="bbox 159 208 1863 487">
     <span class='ocr_line' id='line_1_2' title="bbox 160 208 1862 254; baseline -0.002 -7"><span class='ocrx_word' id='word_1_2' title='bbox 160 212 285 247; x_wconf 89' lang='lat' dir='ltr'>ceteris</span> <span class='ocrx_word' id='word_1_3' title='bbox 311 211 491 247; x_wconf 88' lang='lat' dir='ltr'>sessilibus</span> <span class='ocrx_word' id='word_1_4' title='bbox 516 222 585 246; x_wconf 91' lang='lat' dir='ltr'>non</span> <span class='ocrx_word' id='word_1_5' title='bbox 609 210 876 246; x_wconf 81' lang='lat' dir='ltr'>decurrentibus</span> <span class='ocrx_word' id='word_1_6' title='bbox 901 210 1157 254; x_wconf 88' lang='lat' dir='ltr'>integerrimis;</span> <span class='ocrx_word' id='word_1_7' title='bbox 1183 208 1343 243; x_wconf 86' lang='lat' dir='ltr'>anthodii</span> <span class='ocrx_word' id='word_1_8' title='bbox 1360 208 1453 244; x_wconf 89' lang='lat' dir='ltr'>ovati</span> <span class='ocrx_word' id='word_1_9' title='bbox 1475 208 1541 253; x_wconf 68' lang='lat' dir='ltr'><em>¹J2¹⁴</em></span> <span class='ocrx_word' id='word_1_10' title='bbox 1557 209 1580 244; x_wconf 97' lang='grc'>1.</span> <span class='ocrx_word' id='word_1_11' title='bbox 1599 210 1753 253; x_wconf 85' lang='lat' dir='ltr'>squamis</span> <span class='ocrx_word' id='word_1_12' title='bbox 1771 209 1862 244; x_wconf 87' lang='lat' dir='ltr'>laxis</span> 
     </span>
     <span class='ocr_line' id='line_1_3' title="bbox 159 256 1863 303; baseline -0.001 -10"><span class='ocrx_word' id='word_1_13' title='bbox 159 259 291 302; x_wconf 80' lang='lat' dir='ltr'>glabris</span> <span class='ocrx_word' id='word_1_14' title='bbox 315 258 448 303; x_wconf 88' lang='lat' dir='ltr'>pallide</span> <span class='ocrx_word' id='word_1_15' title='bbox 473 258 664 293; x_wconf 88' lang='lat' dir='ltr'>virentibus</span> <span class='ocrx_word' id='word_1_16' title='bbox 690 257 1000 302; x_wconf 86' lang='lat' dir='ltr'>nervoso-striatis,</span> <span class='ocrx_word' id='word_1_17' title='bbox 1027 257 1183 298; x_wconf 84' lang='lat' dir='ltr'>margine</span> <span class='ocrx_word' id='word_1_18' title='bbox 1208 256 1380 290; x_wconf 88' lang='lat' dir='ltr'>latissimo</span> <span class='ocrx_word' id='word_1_19' title='bbox 1406 256 1659 290; x_wconf 88' lang='lat' dir='ltr'>atro-brunneo</span> <span class='ocrx_word' id='word_1_20' title='bbox 1680 262 1863 299; x_wconf 87' lang='lat' dir='ltr'>argenteo-</span> 
     </span>
     <span class='ocr_line' id='line_1_4' title="bbox 160 301 1863 350; baseline -0.002 -11"><span class='ocrx_word' id='word_1_21' title='bbox 160 306 296 350; x_wconf 88' lang='lat' dir='ltr'>ciliato,</span> <span class='ocrx_word' id='word_1_22' title='bbox 326 305 417 340; x_wconf 89' lang='lat' dir='ltr'>ciliis</span> <span class='ocrx_word' id='word_1_23' title='bbox 449 305 645 339; x_wconf 83' lang='lat' dir='ltr'>numerosis</span> <span class='ocrx_word' id='word_1_24' title='bbox 679 303 796 348; x_wconf 88' lang='lat' dir='ltr'>planis</span> <span class='ocrx_word' id='word_1_25' title='bbox 828 303 986 345; x_wconf 80' lang='lat' dir='ltr'>margine</span> <span class='ocrx_word' id='word_1_26' title='bbox 1022 302 1176 337; x_wconf 90' lang='lat' dir='ltr'>scarioso</span> <span class='ocrx_word' id='word_1_27' title='bbox 1204 301 1309 346; x_wconf 88' lang='lat' dir='ltr'>duplo</span> <span class='ocrx_word' id='word_1_28' title='bbox 1335 301 1564 346; x_wconf 76' lang='lat' dir='ltr'>longioribus3</span> <span class='ocrx_word' id='word_1_29' title='bbox 1597 303 1739 337; x_wconf 90' lang='lat' dir='ltr'>corollis</span> <span class='ocrx_word' id='word_1_30' title='bbox 1773 302 1863 336; x_wconf 87' lang='lat' dir='ltr'>radii</span> 
     </span>
     <span class='ocr_line' id='line_1_5' title="bbox 163 347 1863 397; baseline -0.001 -12"><span class='ocrx_word' id='word_1_31' title='bbox 163 351 324 397; x_wconf 75' lang='lat' dir='ltr'>1—1¹s2¹¹</span> <span class='ocrx_word' id='word_1_32' title='bbox 342 351 445 386; x_wconf 90' lang='lat' dir='ltr'>diam.</span> <span class='ocrx_word' id='word_1_33' title='bbox 472 351 684 394; x_wconf 84' lang='lat' dir='ltr'>longissimis</span> <span class='ocrx_word' id='word_1_34' title='bbox 708 350 832 394; x_wconf 84' lang='lat' dir='ltr'>paucis</span> <span class='ocrx_word' id='word_1_35' title='bbox 856 349 1028 384; x_wconf 90' lang='lat' dir='ltr'>coeruleis</span> <span class='ocrx_word' id='word_1_36' title='bbox 1052 360 1083 382; x_wconf 90' lang='lat' dir='ltr'>v.</span> <span class='ocrx_word' id='word_1_37' title='bbox 1110 347 1275 392; x_wconf 91' lang='lat' dir='ltr'>lilacinis,</span> <span class='ocrx_word' id='word_1_38' title='bbox 1301 348 1484 384; x_wconf 87' lang='lat' dir='ltr'>achaeniis</span> <span class='ocrx_word' id='word_1_39' title='bbox 1512 348 1614 394; x_wconf 74' lang='lat' dir='ltr'>1¹l2“‘</span> <span class='ocrx_word' id='word_1_40' title='bbox 1632 349 1654 383; x_wconf 95' lang='lat' dir='ltr'>l.</span> <span class='ocrx_word' id='word_1_41' title='bbox 1679 349 1863 384; x_wconf 90' lang='lat' dir='ltr'>albicanti-</span> 
     </span>
     <span class='ocr_line' id='line_1_6' title="bbox 159 394 1863 443; baseline -0.002 -10"><span class='ocrx_word' id='word_1_42' title='bbox 159 400 225 434; x_wconf 91' lang='lat' dir='ltr'>bus</span> <span class='ocrx_word' id='word_1_43' title='bbox 257 397 456 443; x_wconf 88' lang='lat' dir='ltr'>puberulis,</span> <span class='ocrx_word' id='word_1_44' title='bbox 489 408 606 442; x_wconf 90' lang='lat' dir='ltr'>pappo</span> <span class='ocrx_word' id='word_1_45' title='bbox 637 396 835 431; x_wconf 89' lang='lat' dir='ltr'>rufescente</span> <span class='ocrx_word' id='word_1_46' title='bbox 867 395 981 429; x_wconf 88' lang='lat' dir='ltr'>fructu</span> <span class='ocrx_word' id='word_1_47' title='bbox 1010 394 1206 439; x_wconf 90' lang='lat' dir='ltr'>quadruplo</span> <span class='ocrx_word' id='word_1_48' title='bbox 1239 394 1410 430; x_wconf 82' lang='lat' dir='ltr'>breviore.</span> <span class='ocrx_word' id='word_1_49' title='bbox 1437 416 1481 421; x_wconf 87' lang='lat'>—</span> <span class='ocrx_word' id='word_1_50' title='bbox 1506 396 1678 430; x_wconf 84' lang='lat' dir='ltr'>Rhizoma</span> <span class='ocrx_word' id='word_1_51' title='bbox 1711 396 1863 439; x_wconf 87' lang='lat' dir='ltr'>longum,</span> 
     </span>
     <span class='ocr_line' id='line_1_7' title="bbox 161 441 968 487; baseline -0.007 -6"><span class='ocrx_word' id='word_1_52' title='bbox 161 445 313 481; x_wconf 90' lang='lat' dir='ltr'>stolones</span> <span class='ocrx_word' id='word_1_53' title='bbox 339 445 589 479; x_wconf 88' lang='lat' dir='ltr'>subterraneas</span> <span class='ocrx_word' id='word_1_54' title='bbox 613 442 824 487; x_wconf 86' lang='lat' dir='ltr'>praelongas</span> <span class='ocrx_word' id='word_1_55' title='bbox 851 441 968 476; x_wconf 90' lang='lat' dir='ltr'>edens.</span> 
     </span>
    </p>

    <p class='ocr_par' dir='ltr' id='par_1_3' title="bbox 299 486 1867 673">
     <span class='ocr_line' id='line_1_8' title="bbox 299 486 1865 535; baseline -0.002 -10"><span class='ocrx_word' id='word_1_56' title='bbox 299 493 336 535; x_wconf 82' lang='grc' dir='ltr'>β,</span> <span class='ocrx_word' id='word_1_57' title='bbox 362 491 590 534; x_wconf 89' lang='lat' dir='ltr'>lingulata</span> <span class='ocrx_word' id='word_1_58' title='bbox 616 489 665 533; x_wconf 81' lang='lat' dir='ltr'>(C.</span> <span class='ocrx_word' id='word_1_59' title='bbox 690 489 864 531; x_wconf 85' lang='lat' dir='ltr'>lingulata</span> <span class='ocrx_word' id='word_1_60' title='bbox 889 487 987 521; x_wconf 80' lang='lat' dir='ltr'>LAG.</span> <span class='ocrx_word' id='word_1_61' title='bbox 1013 486 1100 522; x_wconf 88' lang='lat' dir='ltr'>Nov.</span> <span class='ocrx_word' id='word_1_62' title='bbox 1126 496 1202 529; x_wconf 89' lang='lat' dir='ltr'>gen.</span> <span class='ocrx_word' id='word_1_63' title='bbox 1230 497 1281 530; x_wconf 93' lang='lat' dir='ltr'>sp.</span> <span class='ocrx_word' id='word_1_64' title='bbox 1307 498 1339 521; x_wconf 89' lang='lat' dir='ltr'>n.</span> <span class='ocrx_word' id='word_1_65' title='bbox 1367 487 1465 530; x_wconf 83' lang='lat'>394!)</span> <span class='ocrx_word' id='word_1_66' title='bbox 1490 487 1865 531; x_wconf 89' lang='lat' dir='ltr'>Lanuginoso-tomen-</span> 
     </span>
     <span class='ocr_line' id='line_1_9' title="bbox 368 531 1864 580; baseline -0.003 -8"><span class='ocrx_word' id='word_1_67' title='bbox 368 543 446 572; x_wconf 87' lang='lat' dir='ltr'>tosa</span> <span class='ocrx_word' id='word_1_68' title='bbox 470 538 607 580; x_wconf 86' lang='lat' dir='ltr'>incana,</span> <span class='ocrx_word' id='word_1_69' title='bbox 633 535 733 570; x_wconf 89' lang='lat' dir='ltr'>caule</span> <span class='ocrx_word' id='word_1_70' title='bbox 757 533 855 568; x_wconf 89' lang='lat' dir='ltr'>brevi</span> <span class='ocrx_word' id='word_1_71' title='bbox 885 532 1019 577; x_wconf 75' lang='lat' dir='ltr'>¹s2—5¹‘</span> <span class='ocrx_word' id='word_1_72' title='bbox 1036 532 1070 578; x_wconf 91' lang='lat' dir='ltr'>l.,</span> <span class='ocrx_word' id='word_1_73' title='bbox 1094 531 1188 567; x_wconf 85' lang='lat' dir='ltr'>foliis</span> <span class='ocrx_word' id='word_1_74' title='bbox 1207 532 1575 579; x_wconf 89' lang='lat' dir='ltr'>oblongo-linearibus,</span> <span class='ocrx_word' id='word_1_75' title='bbox 1603 534 1759 578; x_wconf 88' lang='lat' dir='ltr'>squamis</span> <span class='ocrx_word' id='word_1_76' title='bbox 1777 534 1864 568; x_wconf 87' lang='lat' dir='ltr'>laxi-</span> 
     </span>
     <span class='ocr_line' id='line_1_10' title="bbox 369 579 1867 626; baseline -0.002 -8"><span class='ocrx_word' id='word_1_77' title='bbox 369 583 486 618; x_wconf 90' lang='lat' dir='ltr'>oribus</span> <span class='ocrx_word' id='word_1_78' title='bbox 510 582 703 626; x_wconf 83' lang='lat' dir='ltr'>majoribus</span> <span class='ocrx_word' id='word_1_79' title='bbox 728 580 899 615; x_wconf 87' lang='lat' dir='ltr'>latissime</span> <span class='ocrx_word' id='word_1_80' title='bbox 923 579 1142 622; x_wconf 89' lang='lat' dir='ltr'>marginatis.</span> <span class='ocrx_word' id='word_1_81' title='bbox 1168 599 1212 604; x_wconf 92' lang='lat'><strong>—</strong></span> <span class='ocrx_word' id='word_1_82' title='bbox 1237 579 1376 616; x_wconf 90' lang='lat' dir='ltr'>Formis</span> <span class='ocrx_word' id='word_1_83' title='bbox 1401 580 1619 616; x_wconf 82' lang='lat' dir='ltr'>intermediis</span> <span class='ocrx_word' id='word_1_84' title='bbox 1650 581 1686 615; x_wconf 91' lang='lat' dir='ltr'>in</span> <span class='ocrx_word' id='word_1_85' title='bbox 1718 580 1867 615; x_wconf 88' lang='lat' dir='ltr'>formam</span> 
     </span>
     <span class='ocr_line' id='line_1_11' title="bbox 370 626 1390 673; baseline -0.01 -9"><span class='ocrx_word' id='word_1_86' title='bbox 370 630 554 673; x_wconf 78' lang='lat' dir='ltr'>genuinam</span> <span class='ocrx_word' id='word_1_87' title='bbox 580 628 710 662; x_wconf 89' lang='lat' dir='ltr'>sensim</span> <span class='ocrx_word' id='word_1_88' title='bbox 734 626 873 661; x_wconf 76' lang='lat' dir='ltr'>transit.</span> <span class='ocrx_word' id='word_1_89' title='bbox 1386 626 1390 631; x_wconf 95' lang='grc'><strong>’</strong></span> 
     </span>
    </p>

    <p class='ocr_par' dir='ltr' id='par_1_4' title="bbox 206 671 1867 1091">
     <span class='ocr_line' id='line_1_12' title="bbox 255 671 1866 719; baseline -0.002 -9"><span class='ocrx_word' id='word_1_90' title='bbox 255 676 297 710; x_wconf 85' lang='grc'>111</span> <span class='ocrx_word' id='word_1_91' title='bbox 321 676 547 719; x_wconf 88' lang='lat' dir='ltr'>graminosis,</span> <span class='ocrx_word' id='word_1_92' title='bbox 572 673 728 718; x_wconf 86' lang='lat' dir='ltr'>pascuis,</span> <span class='ocrx_word' id='word_1_93' title='bbox 756 671 928 715; x_wconf 78' lang='lat' dir='ltr'>glareosis</span> <span class='ocrx_word' id='word_1_94' title='bbox 953 671 1105 715; x_wconf 85' lang='lat' dir='ltr'>regionis</span> <span class='ocrx_word' id='word_1_95' title='bbox 1129 676 1316 706; x_wconf 84' lang='lat' dir='ltr'>montanae</span> <span class='ocrx_word' id='word_1_96' title='bbox 1342 677 1377 706; x_wconf 90' lang='lat' dir='ltr'>et</span> <span class='ocrx_word' id='word_1_97' title='bbox 1402 672 1541 717; x_wconf 89' lang='lat' dir='ltr'>alpinae</span> <span class='ocrx_word' id='word_1_98' title='bbox 1566 672 1763 717; x_wconf 85' lang='lat' dir='ltr'>Hispaniae</span> <span class='ocrx_word' id='word_1_99' title='bbox 1788 683 1866 708; x_wconf 91' lang='lat' dir='ltr'>cen-</span> 
     </span>
     <span class='ocr_line' id='line_1_13' title="bbox 206 717 1865 766; baseline -0.002 -9"><span class='ocrx_word' id='word_1_100' title='bbox 206 723 320 766; x_wconf 86' lang='lat' dir='ltr'>tralis,</span> <span class='ocrx_word' id='word_1_101' title='bbox 346 722 527 757; x_wconf 91' lang='lat' dir='ltr'>orientalis</span> <span class='ocrx_word' id='word_1_102' title='bbox 552 725 586 754; x_wconf 84' lang='lat' dir='ltr'>et</span> <span class='ocrx_word' id='word_1_103' title='bbox 612 719 781 754; x_wconf 89' lang='lat' dir='ltr'>australis</span> <span class='ocrx_word' id='word_1_104' title='bbox 806 718 957 763; x_wconf 89' lang='lat' dir='ltr'>passim:</span> <span class='ocrx_word' id='word_1_105' title='bbox 993 719 1029 752; x_wconf 90' lang='lat' dir='ltr'>in</span> <span class='ocrx_word' id='word_1_106' title='bbox 1063 718 1207 752; x_wconf 88' lang='lat' dir='ltr'>montib.</span> <span class='ocrx_word' id='word_1_107' title='bbox 1234 717 1442 762; x_wconf 87' lang='lat' dir='ltr'>Carpetanis</span> <span class='ocrx_word' id='word_1_108' title='bbox 1469 719 1514 762; x_wconf 84' lang='lat' dir='ltr'>(S.</span> <span class='ocrx_word' id='word_1_109' title='bbox 1540 719 1583 754; x_wconf 90' lang='lat' dir='ltr'>de</span> <span class='ocrx_word' id='word_1_110' title='bbox 1608 719 1865 763; x_wconf 87' lang='lat' dir='ltr'>Guadarrama,</span> 
     </span>
     <span class='ocr_line' id='line_1_14' title="bbox 208 764 1866 811; baseline -0.002 -7"><span class='ocrx_word' id='word_1_111' title='bbox 208 769 324 804; x_wconf 83' lang='lat' dir='ltr'>LAG.!</span> <span class='ocrx_word' id='word_1_112' title='bbox 360 769 465 803; x_wconf 82' lang='lat' dir='ltr'>Cerro</span> <span class='ocrx_word' id='word_1_113' title='bbox 495 767 655 801; x_wconf 85' lang='lat' dir='ltr'>Mazotta</span> <span class='ocrx_word' id='word_1_114' title='bbox 686 775 794 809; x_wconf 90' lang='lat' dir='ltr'>supra</span> <span class='ocrx_word' id='word_1_115' title='bbox 826 765 859 799; x_wconf 92' lang='lat' dir='ltr'>el</span> <span class='ocrx_word' id='word_1_116' title='bbox 893 764 1074 809; x_wconf 84' lang='lat' dir='ltr'>Escorial,</span> <span class='ocrx_word' id='word_1_117' title='bbox 1101 764 1177 799; x_wconf 83' lang='lat' dir='ltr'>Pto.</span> <span class='ocrx_word' id='word_1_118' title='bbox 1213 764 1255 799; x_wconf 88' lang='lat' dir='ltr'>de</span> <span class='ocrx_word' id='word_1_119' title='bbox 1280 764 1548 810; x_wconf 89' lang='lat' dir='ltr'>Navacerrada,</span> <span class='ocrx_word' id='word_1_120' title='bbox 1575 765 1704 811; x_wconf 78' lang='lat' dir='ltr'>LGE.!,</span> <span class='ocrx_word' id='word_1_121' title='bbox 1730 766 1866 805; x_wconf 86' lang='lat' dir='ltr'>COLM.,</span> 
     </span>
     <span class='ocr_line' id='line_1_15' title="bbox 213 811 1864 859; baseline -0.001 -9"><span class='ocrx_word' id='word_1_122' title='bbox 213 816 316 859; x_wconf 83' lang='lat' dir='ltr'>CUT.,</span> <span class='ocrx_word' id='word_1_123' title='bbox 342 815 483 849; x_wconf 86' lang='lat' dir='ltr'>Montes</span> <span class='ocrx_word' id='word_1_124' title='bbox 509 813 551 847; x_wconf 89' lang='lat' dir='ltr'>de</span> <span class='ocrx_word' id='word_1_125' title='bbox 577 813 612 846; x_wconf 88' lang='lat' dir='ltr'>la</span> <span class='ocrx_word' id='word_1_126' title='bbox 629 812 773 854; x_wconf 89' lang='lat' dir='ltr'>Algora,</span> <span class='ocrx_word' id='word_1_127' title='bbox 798 812 921 846; x_wconf 90' lang='lat' dir='ltr'>BOUT.</span> <span class='ocrx_word' id='word_1_128' title='bbox 933 812 967 856; x_wconf 86' lang='grc'>1),</span> <span class='ocrx_word' id='word_1_129' title='bbox 996 811 1089 845; x_wconf 85' lang='lat' dir='ltr'>Cast.</span> <span class='ocrx_word' id='word_1_130' title='bbox 1115 821 1204 845; x_wconf 90' lang='lat' dir='ltr'>nova</span> <span class='ocrx_word' id='word_1_131' title='bbox 1230 811 1286 855; x_wconf 89' lang='lat' dir='ltr'>(en</span> <span class='ocrx_word' id='word_1_132' title='bbox 1311 811 1347 846; x_wconf 89' lang='lat' dir='ltr'>la</span> <span class='ocrx_word' id='word_1_133' title='bbox 1363 811 1536 855; x_wconf 85' lang='lat' dir='ltr'>Alcarria,</span> <span class='ocrx_word' id='word_1_134' title='bbox 1561 812 1684 856; x_wconf 89' lang='lat' dir='ltr'>PAL.),</span> <span class='ocrx_word' id='word_1_135' title='bbox 1709 812 1864 856; x_wconf 89' lang='lat' dir='ltr'>Aragon.</span> 
     </span>
     <span class='ocr_line' id='line_1_16' title="bbox 209 857 1867 907; baseline -0.002 -10"><span class='ocrx_word' id='word_1_136' title='bbox 209 863 411 907; x_wconf 75' lang='lat' dir='ltr'>(Moncayo,</span> <span class='ocrx_word' id='word_1_137' title='bbox 439 861 556 894; x_wconf 85' lang='lat' dir='ltr'>Sierra</span> <span class='ocrx_word' id='word_1_138' title='bbox 581 858 623 892; x_wconf 88' lang='lat' dir='ltr'>de</span> <span class='ocrx_word' id='word_1_139' title='bbox 648 858 867 903; x_wconf 84' lang='lat' dir='ltr'>Villarroya,</span> <span class='ocrx_word' id='word_1_140' title='bbox 893 858 1016 892; x_wconf 91' lang='lat' dir='ltr'>Monte</span> <span class='ocrx_word' id='word_1_141' title='bbox 1041 857 1083 892; x_wconf 89' lang='lat' dir='ltr'>de</span> <span class='ocrx_word' id='word_1_142' title='bbox 1109 857 1282 902; x_wconf 84' lang='lat' dir='ltr'>Herrera,</span> <span class='ocrx_word' id='word_1_143' title='bbox 1310 858 1417 901; x_wconf 84' lang='lat' dir='ltr'>ASS.,</span> <span class='ocrx_word' id='word_1_144' title='bbox 1444 858 1624 894; x_wconf 90' lang='lat' dir='ltr'>Barranco</span> <span class='ocrx_word' id='word_1_145' title='bbox 1650 858 1692 893; x_wconf 89' lang='lat' dir='ltr'>de</span> <span class='ocrx_word' id='word_1_146' title='bbox 1718 859 1809 893; x_wconf 83' lang='lat' dir='ltr'>Teix</span> <span class='ocrx_word' id='word_1_147' title='bbox 1832 860 1867 894; x_wconf 92' lang='lat' dir='ltr'>in</span> 
     </span>
     <span class='ocr_line' id='line_1_17' title="bbox 209 904 1866 950; baseline -0.002 -6"><span class='ocrx_word' id='word_1_148' title='bbox 209 909 354 944; x_wconf 89' lang='lat' dir='ltr'>montib.</span> <span class='ocrx_word' id='word_1_149' title='bbox 380 906 605 949; x_wconf 71' lang='lat' dir='ltr'>australibus,</span> <span class='ocrx_word' id='word_1_150' title='bbox 631 904 748 939; x_wconf 82' lang='lat' dir='ltr'>LOSG.</span> <span class='ocrx_word' id='word_1_151' title='bbox 774 905 936 948; x_wconf 79' lang='lat' dir='ltr'>PARD.),</span> <span class='ocrx_word' id='word_1_152' title='bbox 963 915 1069 947; x_wconf 91' lang='lat' dir='ltr'>regno</span> <span class='ocrx_word' id='word_1_153' title='bbox 1094 904 1236 939; x_wconf 88' lang='lat' dir='ltr'>Valent.</span> <span class='ocrx_word' id='word_1_154' title='bbox 1263 904 1396 948; x_wconf 83' lang='lat' dir='ltr'>(Sierra</span> <span class='ocrx_word' id='word_1_155' title='bbox 1421 904 1463 939; x_wconf 88' lang='lat' dir='ltr'>de</span> <span class='ocrx_word' id='word_1_156' title='bbox 1489 905 1608 950; x_wconf 90' lang='lat' dir='ltr'>Chiva,</span> <span class='ocrx_word' id='word_1_157' title='bbox 1635 905 1751 950; x_wconf 85' lang='lat' dir='ltr'>WK.),</span> <span class='ocrx_word' id='word_1_158' title='bbox 1777 905 1866 940; x_wconf 82' lang='lat' dir='ltr'>Gra-</span> 
     </span>
     <span class='ocr_line' id='line_1_18' title="bbox 209 950 1865 997; baseline -0.001 -8"><span class='ocrx_word' id='word_1_159' title='bbox 209 960 279 990; x_wconf 85' lang='lat' dir='ltr'>nat.</span> <span class='ocrx_word' id='word_1_160' title='bbox 305 954 435 997; x_wconf 82' lang='lat' dir='ltr'>(Sierra</span> <span class='ocrx_word' id='word_1_161' title='bbox 459 951 620 995; x_wconf 86' lang='lat' dir='ltr'>Nevada,</span> <span class='ocrx_word' id='word_1_162' title='bbox 656 951 689 985; x_wconf 89' lang='lat' dir='ltr'>S.</span> <span class='ocrx_word' id='word_1_163' title='bbox 717 951 869 995; x_wconf 79' lang='lat' dir='ltr'>TeJ&#39;eda,</span> <span class='ocrx_word' id='word_1_164' title='bbox 901 952 933 985; x_wconf 84' lang='lat' dir='ltr'>S.</span> <span class='ocrx_word' id='word_1_165' title='bbox 968 951 1011 985; x_wconf 91' lang='lat' dir='ltr'>de</span> <span class='ocrx_word' id='word_1_166' title='bbox 1043 951 1079 985; x_wconf 94' lang='grc'>16</span> <span class='ocrx_word' id='word_1_167' title='bbox 1103 951 1214 985; x_wconf 88' lang='lat' dir='ltr'>Nieve</span> <span class='ocrx_word' id='word_1_168' title='bbox 1246 950 1291 985; x_wconf 90' lang='lat' dir='ltr'>ad</span> <span class='ocrx_word' id='word_1_169' title='bbox 1323 951 1384 986; x_wconf 88' lang='lat' dir='ltr'>alt.</span> <span class='ocrx_word' id='word_1_170' title='bbox 1418 952 1610 997; x_wconf 83' lang='lat'>4—5000‘,</span> <span class='ocrx_word' id='word_1_171' title='bbox 1634 952 1737 987; x_wconf 78' lang='lat' dir='ltr'>BSS.!</span> <span class='ocrx_word' id='word_1_172' title='bbox 1765 951 1865 996; x_wconf 85' lang='lat' dir='ltr'>WK.,</span> 
     </span>
     <span class='ocr_line' id='line_1_19' title="bbox 210 997 1866 1044; baseline -0.001 -9"><span class='ocrx_word' id='word_1_173' title='bbox 210 1003 352 1044; x_wconf 85' lang='lat' dir='ltr'>ALTH.,</span> <span class='ocrx_word' id='word_1_174' title='bbox 391 1000 424 1034; x_wconf 91' lang='grc'>8.</span> <span class='ocrx_word' id='word_1_175' title='bbox 458 999 500 1033; x_wconf 88' lang='grc'>(16</span> <span class='ocrx_word' id='word_1_176' title='bbox 531 998 754 1041; x_wconf 90' lang='lat' dir='ltr'>Antequera,</span> <span class='ocrx_word' id='word_1_177' title='bbox 780 998 936 1043; x_wconf 81' lang='lat' dir='ltr'>PROL.!,</span> <span class='ocrx_word' id='word_1_178' title='bbox 962 998 995 1032; x_wconf 83' lang='lat' dir='ltr'>S.</span> <span class='ocrx_word' id='word_1_179' title='bbox 1027 997 1069 1031; x_wconf 90' lang='lat' dir='ltr'>de</span> <span class='ocrx_word' id='word_1_180' title='bbox 1096 997 1321 1043; x_wconf 88' lang='lat' dir='ltr'>Carratraca,</span> <span class='ocrx_word' id='word_1_181' title='bbox 1348 997 1431 1034; x_wconf 79' lang='lat' dir='ltr'>HS.!</span> <span class='ocrx_word' id='word_1_182' title='bbox 1459 998 1591 1041; x_wconf 81' lang='lat' dir='ltr'>WBB.,</span> <span class='ocrx_word' id='word_1_183' title='bbox 1625 998 1657 1033; x_wconf 87' lang='lat' dir='ltr'>S.</span> <span class='ocrx_word' id='word_1_184' title='bbox 1692 998 1734 1034; x_wconf 90' lang='lat' dir='ltr'>de</span> <span class='ocrx_word' id='word_1_185' title='bbox 1759 999 1866 1042; x_wconf 90' lang='lat' dir='ltr'>Baza,</span> 
     </span>
     <span class='ocr_line' id='line_1_20' title="bbox 207 1044 1462 1091; baseline -0.003 -8"><span class='ocrx_word' id='word_1_186' title='bbox 207 1048 393 1091; x_wconf 81' lang='lat' dir='ltr'>BOURG.!)</span> <span class='ocrx_word' id='word_1_187' title='bbox 421 1065 463 1069; x_wconf 90' lang='lat'>—-</span> <span class='ocrx_word' id='word_1_188' title='bbox 494 1052 528 1085; x_wconf 69' lang='grc'>21.</span> <span class='ocrx_word' id='word_1_189' title='bbox 554 1044 649 1089; x_wconf 84' lang='lat' dir='ltr'>Jun.,</span> <span class='ocrx_word' id='word_1_190' title='bbox 674 1044 747 1078; x_wconf 86' lang='lat' dir='ltr'>Jul.</span> <span class='ocrx_word' id='word_1_191' title='bbox 774 1045 815 1088; x_wconf 86' lang='lat' dir='ltr'>(v.</span> <span class='ocrx_word' id='word_1_192' title='bbox 840 1047 894 1088; x_wconf 91' lang='lat' dir='ltr'>v.).</span> <span class='ocrx_word' id='word_1_193' title='bbox 947 1044 1110 1079; x_wconf 85' lang='lat' dir='ltr'>»Olorica</span> <span class='ocrx_word' id='word_1_194' title='bbox 1135 1044 1293 1087; x_wconf 88' lang='lat' dir='ltr'>quecha«</span> <span class='ocrx_word' id='word_1_195' title='bbox 1323 1045 1462 1080; x_wconf 85' lang='lat' dir='ltr'>Valent.</span> 
     </span>
    </p>

    <p class='ocr_par' dir='ltr' id='par_1_5' title="bbox 254 1091 837 1135">
     <span class='ocr_line' id='line_1_21' title="bbox 254 1091 837 1135; baseline -0.005 -7"><span class='ocrx_word' id='word_1_196' title='bbox 254 1094 343 1129; x_wconf 92' lang='lat' dir='ltr'>Hab.</span> <span class='ocrx_word' id='word_1_197' title='bbox 369 1093 405 1126; x_wconf 90' lang='lat' dir='ltr'>in</span> <span class='ocrx_word' id='word_1_198' title='bbox 430 1091 534 1135; x_wconf 64' lang='lat' dir='ltr'>Gall„</span> <span class='ocrx_word' id='word_1_199' title='bbox 561 1091 667 1135; x_wconf 84' lang='lat' dir='ltr'>Sicil.,</span> <span class='ocrx_word' id='word_1_200' title='bbox 696 1091 837 1125; x_wconf 87' lang='lat' dir='ltr'>Turcia.</span> 
     </span>
    </p>
   </div>
   <div class='ocr_carea' id='block_1_3' title="bbox 162 1159 1890 1848">
    <p class='ocr_par' dir='ltr' id='par_1_6' title="bbox 162 1159 1890 1710">
     <span class='ocr_line' id='line_1_22' title="bbox 256 1159 1867 1204; baseline 0 -8"><span class='ocrx_word' id='word_1_201' title='bbox 256 1163 356 1196; x_wconf 82' lang='lat'>1609.</span> <span class='ocrx_word' id='word_1_202' title='bbox 408 1163 450 1195; x_wconf 86' lang='lat' dir='ltr'>C.</span> <span class='ocrx_word' id='word_1_203' title='bbox 478 1161 810 1194; x_wconf 85' lang='lat' dir='ltr'>semidecurrens</span> <span class='ocrx_word' id='word_1_204' title='bbox 836 1159 956 1194; x_wconf 83' lang='lat' dir='ltr'>JORD.</span> <span class='ocrx_word' id='word_1_205' title='bbox 984 1159 1064 1195; x_wconf 88' lang='lat' dir='ltr'>Obs.</span> <span class='ocrx_word' id='word_1_206' title='bbox 1090 1159 1132 1194; x_wconf 88' lang='lat' dir='ltr'>fr.</span> <span class='ocrx_word' id='word_1_207' title='bbox 1158 1160 1206 1201; x_wconf 93' lang='lat' dir='ltr'>V,</span> <span class='ocrx_word' id='word_1_208' title='bbox 1236 1172 1269 1204; x_wconf 89' lang='lat' dir='ltr'>p.</span> <span class='ocrx_word' id='word_1_209' title='bbox 1297 1161 1360 1204; x_wconf 78' lang='lat'>52,</span> <span class='ocrx_word' id='word_1_210' title='bbox 1386 1165 1409 1195; x_wconf 94' lang='lat' dir='ltr'>t.</span> <span class='ocrx_word' id='word_1_211' title='bbox 1437 1162 1467 1194; x_wconf 83' lang='lat'>3.</span> <span class='ocrx_word' id='word_1_212' title='bbox 1502 1160 1524 1194; x_wconf 88' lang='lat' dir='ltr'>f.</span> <span class='ocrx_word' id='word_1_213' title='bbox 1551 1161 1597 1196; x_wconf 86' lang='lat' dir='ltr'>B!</span> <span class='ocrx_word' id='word_1_214' title='bbox 1640 1160 1711 1196; x_wconf 82' lang='lat' dir='ltr'>GR.</span> <span class='ocrx_word' id='word_1_215' title='bbox 1737 1161 1867 1197; x_wconf 86' lang='lat' dir='ltr'>GODR.</span> 
     </span>
     <span class='ocr_line' id='line_1_23' title="bbox 163 1206 1867 1254; baseline 0 -11"><span class='ocrx_word' id='word_1_216' title='bbox 163 1210 183 1243; x_wconf 95' lang='lat' dir='ltr'>l.</span> <span class='ocrx_word' id='word_1_217' title='bbox 210 1221 238 1244; x_wconf 94' lang='lat' dir='ltr'>c.</span> <span class='ocrx_word' id='word_1_218' title='bbox 274 1222 307 1254; x_wconf 90' lang='lat' dir='ltr'>p.</span> <span class='ocrx_word' id='word_1_219' title='bbox 335 1209 418 1242; x_wconf 78' lang='lat'>249!</span> <span class='ocrx_word' id='word_1_220' title='bbox 459 1207 507 1251; x_wconf 85' lang='lat' dir='ltr'>(C.</span> <span class='ocrx_word' id='word_1_221' title='bbox 529 1212 696 1241; x_wconf 84' lang='lat' dir='ltr'>montana</span> <span class='ocrx_word' id='word_1_222' title='bbox 721 1207 758 1247; x_wconf 80' lang='grc' dir='ltr'>β.</span> <span class='ocrx_word' id='word_1_223' title='bbox 785 1206 895 1240; x_wconf 90' lang='lat' dir='ltr'>VILL.</span> <span class='ocrx_word' id='word_1_224' title='bbox 923 1217 967 1240; x_wconf 84' lang='lat' dir='ltr'>ex</span> <span class='ocrx_word' id='word_1_225' title='bbox 992 1219 1044 1250; x_wconf 89' lang='lat' dir='ltr'>p.,</span> <span class='ocrx_word' id='word_1_226' title='bbox 1078 1207 1113 1241; x_wconf 89' lang='lat' dir='ltr'>C.</span> <span class='ocrx_word' id='word_1_227' title='bbox 1141 1213 1309 1241; x_wconf 88' lang='lat' dir='ltr'>montana</span> <span class='ocrx_word' id='word_1_228' title='bbox 1334 1208 1468 1242; x_wconf 82' lang='lat' dir='ltr'>COSTA</span> <span class='ocrx_word' id='word_1_229' title='bbox 1493 1207 1547 1241; x_wconf 91' lang='lat' dir='ltr'>Fl.</span> <span class='ocrx_word' id='word_1_230' title='bbox 1575 1208 1678 1242; x_wconf 88' lang='lat' dir='ltr'>catal.</span> <span class='ocrx_word' id='word_1_231' title='bbox 1706 1220 1738 1252; x_wconf 88' lang='lat' dir='ltr'>p.</span> <span class='ocrx_word' id='word_1_232' title='bbox 1767 1210 1867 1253; x_wconf 74' lang='lat'>1392,</span> 
     </span>
     <span class='ocr_line' id='line_1_24' title="bbox 164 1253 1867 1300; baseline -0.001 -10"><span class='ocrx_word' id='word_1_233' title='bbox 164 1267 206 1290; x_wconf 88' lang='lat' dir='ltr'>ex</span> <span class='ocrx_word' id='word_1_234' title='bbox 230 1256 277 1300; x_wconf 89' lang='lat' dir='ltr'>p.)</span> <span class='ocrx_word' id='word_1_235' title='bbox 325 1254 563 1297; x_wconf 85' lang='lat' dir='ltr'>Lanuginosa,</span> <span class='ocrx_word' id='word_1_236' title='bbox 590 1253 710 1287; x_wconf 88' lang='lat' dir='ltr'>viridis</span> <span class='ocrx_word' id='word_1_237' title='bbox 735 1265 764 1286; x_wconf 87' lang='lat' dir='ltr'>v.</span> <span class='ocrx_word' id='word_1_238' title='bbox 792 1263 999 1297; x_wconf 80' lang='lat' dir='ltr'>canescenS,</span> <span class='ocrx_word' id='word_1_239' title='bbox 1032 1253 1132 1287; x_wconf 89' lang='lat' dir='ltr'>caule</span> <span class='ocrx_word' id='word_1_240' title='bbox 1158 1259 1275 1288; x_wconf 86' lang='lat' dir='ltr'>erecto</span> <span class='ocrx_word' id='word_1_241' title='bbox 1306 1253 1361 1297; x_wconf 66' lang='lat' dir='ltr'>¹s2‘</span> <span class='ocrx_word' id='word_1_242' title='bbox 1387 1255 1429 1296; x_wconf 89' lang='lat' dir='ltr'>l.,</span> <span class='ocrx_word' id='word_1_243' title='bbox 1456 1254 1604 1298; x_wconf 84' lang='lat' dir='ltr'>simplici</span> <span class='ocrx_word' id='word_1_244' title='bbox 1629 1266 1659 1288; x_wconf 91' lang='lat' dir='ltr'>v.</span> <span class='ocrx_word' id='word_1_245' title='bbox 1685 1255 1785 1299; x_wconf 83' lang='lat' dir='ltr'>apice</span> <span class='ocrx_word' id='word_1_246' title='bbox 1811 1266 1867 1289; x_wconf 88' lang='lat' dir='ltr'>ra-</span> 
     </span>
     <span class='ocr_line' id='line_1_25' title="bbox 162 1299 1867 1346; baseline 0 -10"><span class='ocrx_word' id='word_1_247' title='bbox 162 1314 274 1345; x_wconf 87' lang='lat' dir='ltr'>moso,</span> <span class='ocrx_word' id='word_1_248' title='bbox 299 1301 476 1344; x_wconf 83' lang='lat' dir='ltr'>angulato,</span> <span class='ocrx_word' id='word_1_249' title='bbox 503 1300 547 1334; x_wconf 85' lang='lat' dir='ltr'>ad</span> <span class='ocrx_word' id='word_1_250' title='bbox 574 1300 729 1334; x_wconf 85' lang='lat' dir='ltr'>calathia</span> <span class='ocrx_word' id='word_1_251' title='bbox 754 1310 864 1342; x_wconf 88' lang='lat' dir='ltr'>usque</span> <span class='ocrx_word' id='word_1_252' title='bbox 890 1299 1026 1343; x_wconf 81' lang='lat' dir='ltr'>foliato;</span> <span class='ocrx_word' id='word_1_253' title='bbox 1054 1299 1146 1334; x_wconf 85' lang='lat' dir='ltr'>foliis</span> <span class='ocrx_word' id='word_1_254' title='bbox 1179 1299 1374 1342; x_wconf 84' lang='lat' dir='ltr'>undulatis,</span> <span class='ocrx_word' id='word_1_255' title='bbox 1412 1301 1574 1344; x_wconf 86' lang='lat' dir='ltr'>utrinque</span> <span class='ocrx_word' id='word_1_256' title='bbox 1606 1301 1699 1344; x_wconf 87' lang='lat' dir='ltr'>pilos</span> <span class='ocrx_word' id='word_1_257' title='bbox 1725 1312 1867 1346; x_wconf 85' lang='lat' dir='ltr'>sparsos</span> 
     </span>
     <span class='ocr_line' id='line_1_26' title="bbox 163 1345 1890 1391; baseline 0.001 -8"><span class='ocrx_word' id='word_1_258' title='bbox 163 1351 283 1383; x_wconf 84' lang='lat' dir='ltr'>breves</span> <span class='ocrx_word' id='word_1_259' title='bbox 309 1347 515 1382; x_wconf 81' lang='lat' dir='ltr'>articulatos</span> <span class='ocrx_word' id='word_1_260' title='bbox 540 1352 701 1381; x_wconf 78' lang='lat' dir='ltr'>curvatos</span> <span class='ocrx_word' id='word_1_261' title='bbox 727 1346 947 1389; x_wconf 83' lang='lat' dir='ltr'>gerentibus,</span> <span class='ocrx_word' id='word_1_262' title='bbox 977 1345 1107 1381; x_wconf 89' lang='lat' dir='ltr'>infimis</span> <span class='ocrx_word' id='word_1_263' title='bbox 1140 1347 1515 1389; x_wconf 83' lang='lat' dir='ltr'>oblongo-lanceolatis</span> <span class='ocrx_word' id='word_1_264' title='bbox 1540 1347 1576 1380; x_wconf 87' lang='lat' dir='ltr'>in</span> <span class='ocrx_word' id='word_1_265' title='bbox 1602 1348 1771 1391; x_wconf 86' lang='lat' dir='ltr'>petiolum</span> <span class='ocrx_word' id='word_1_266' title='bbox 1796 1349 1890 1385; x_wconf 64' lang='lat' dir='ltr'>late,</span> 
     </span>
     <span class='ocr_line' id='line_1_27' title="bbox 162 1392 1869 1437; baseline -0.001 -7"><span class='ocrx_word' id='word_1_267' title='bbox 162 1397 293 1430; x_wconf 88' lang='lat' dir='ltr'>alatum</span> <span class='ocrx_word' id='word_1_268' title='bbox 319 1394 523 1434; x_wconf 86' lang='lat' dir='ltr'>attenuatis,</span> <span class='ocrx_word' id='word_1_269' title='bbox 547 1393 723 1428; x_wconf 84' lang='lat' dir='ltr'>interdum</span> <span class='ocrx_word' id='word_1_270' title='bbox 749 1403 870 1435; x_wconf 87' lang='lat' dir='ltr'>grosse</span> <span class='ocrx_word' id='word_1_271' title='bbox 896 1392 1174 1437; x_wconf 86' lang='lat' dir='ltr'>paucidentatis,</span> <span class='ocrx_word' id='word_1_272' title='bbox 1208 1394 1335 1428; x_wconf 87' lang='lat' dir='ltr'>ceteris</span> <span class='ocrx_word' id='word_1_273' title='bbox 1362 1394 1543 1428; x_wconf 90' lang='lat' dir='ltr'>sessilibus</span> <span class='ocrx_word' id='word_1_274' title='bbox 1568 1394 1722 1428; x_wconf 85' lang='lat' dir='ltr'>breviter</span> <span class='ocrx_word' id='word_1_275' title='bbox 1747 1394 1869 1429; x_wconf 86' lang='lat' dir='ltr'>decur-</span> 
     </span>
     <span class='ocr_line' id='line_1_28' title="bbox 163 1439 1868 1486; baseline -0.001 -9"><span class='ocrx_word' id='word_1_276' title='bbox 163 1442 320 1477; x_wconf 89' lang='lat' dir='ltr'>rentibus</span> <span class='ocrx_word' id='word_1_277' title='bbox 345 1440 551 1475; x_wconf 74' lang='lat' dir='ltr'>lanceolatis</span> <span class='ocrx_word' id='word_1_278' title='bbox 578 1440 788 1474; x_wconf 79' lang='lat' dir='ltr'>acuminatis</span> <span class='ocrx_word' id='word_1_279' title='bbox 813 1439 1070 1484; x_wconf 67' lang='lat' dir='ltr'>integerrimis,</span> <span class='ocrx_word' id='word_1_280' title='bbox 1097 1439 1256 1474; x_wconf 88' lang='lat' dir='ltr'>anthodii</span> <span class='ocrx_word' id='word_1_281' title='bbox 1276 1440 1369 1474; x_wconf 80' lang='lat' dir='ltr'>ovati</span> <span class='ocrx_word' id='word_1_282' title='bbox 1386 1440 1512 1474; x_wconf 75' lang='lat'>0—7“‘</span> <span class='ocrx_word' id='word_1_283' title='bbox 1531 1440 1552 1474; x_wconf 90' lang='lat'>1.</span> <span class='ocrx_word' id='word_1_284' title='bbox 1573 1442 1726 1483; x_wconf 79' lang='lat' dir='ltr'>squamis</span> <span class='ocrx_word' id='word_1_285' title='bbox 1745 1442 1868 1486; x_wconf 87' lang='lat' dir='ltr'>paucis</span> 
     </span>
     <span class='ocr_line' id='line_1_29' title="bbox 164 1486 1870 1532; baseline -0.001 -9"><span class='ocrx_word' id='word_1_286' title='bbox 164 1489 298 1531; x_wconf 87' lang='lat' dir='ltr'>magnis</span> <span class='ocrx_word' id='word_1_287' title='bbox 315 1488 386 1522; x_wconf 86' lang='lat' dir='ltr'>late</span> <span class='ocrx_word' id='word_1_288' title='bbox 405 1487 515 1522; x_wconf 88' lang='lat' dir='ltr'>ovatis</span> <span class='ocrx_word' id='word_1_289' title='bbox 533 1486 664 1531; x_wconf 88' lang='lat' dir='ltr'>pallide</span> <span class='ocrx_word' id='word_1_290' title='bbox 682 1486 875 1521; x_wconf 86' lang='lat' dir='ltr'>virentibus</span> <span class='ocrx_word' id='word_1_291' title='bbox 893 1487 1194 1521; x_wconf 87' lang='lat' dir='ltr'>nervoso—striatis</span> <span class='ocrx_word' id='word_1_292' title='bbox 1212 1487 1357 1530; x_wconf 77' lang='lat' dir='ltr'>glabris,</span> <span class='ocrx_word' id='word_1_293' title='bbox 1383 1487 1542 1530; x_wconf 84' lang='lat' dir='ltr'>margine</span> <span class='ocrx_word' id='word_1_294' title='bbox 1561 1487 1716 1522; x_wconf 90' lang='lat' dir='ltr'>scarioso</span> <span class='ocrx_word' id='word_1_295' title='bbox 1732 1488 1870 1532; x_wconf 86' lang='lat' dir='ltr'>apicem</span> 
     </span>
     <span class='ocr_line' id='line_1_30' title="bbox 162 1532 1869 1577; baseline -0.001 -7"><span class='ocrx_word' id='word_1_296' title='bbox 162 1546 282 1570; x_wconf 87' lang='lat' dir='ltr'>versus</span> <span class='ocrx_word' id='word_1_297' title='bbox 317 1534 486 1569; x_wconf 88' lang='lat' dir='ltr'>latissimo</span> <span class='ocrx_word' id='word_1_298' title='bbox 519 1533 710 1568; x_wconf 85' lang='lat' dir='ltr'>fusco-atro</span> <span class='ocrx_word' id='word_1_299' title='bbox 743 1532 1039 1577; x_wconf 84' lang='lat' dir='ltr'>dentato-ciliato,</span> <span class='ocrx_word' id='word_1_300' title='bbox 1076 1533 1166 1568; x_wconf 90' lang='lat' dir='ltr'>ciliis</span> <span class='ocrx_word' id='word_1_301' title='bbox 1198 1533 1308 1568; x_wconf 89' lang='grc'><strong>(1111116</strong></span> <span class='ocrx_word' id='word_1_302' title='bbox 1341 1534 1448 1568; x_wconf 83' lang='lat' dir='ltr'>fuscis</span> <span class='ocrx_word' id='word_1_303' title='bbox 1481 1533 1649 1576; x_wconf 83' lang='lat' dir='ltr'>marginis</span> <span class='ocrx_word' id='word_1_304' title='bbox 1682 1534 1869 1569; x_wconf 87' lang='lat' dir='ltr'>latitudine</span> 
     </span>
     <span class='ocr_line' id='line_1_31' title="bbox 163 1578 1868 1627; baseline -0.001 -11"><span class='ocrx_word' id='word_1_305' title='bbox 163 1582 267 1627; x_wconf 89' lang='lat' dir='ltr'>paulo</span> <span class='ocrx_word' id='word_1_306' title='bbox 293 1581 517 1624; x_wconf 71' lang='lat' dir='ltr'>longioribus,</span> <span class='ocrx_word' id='word_1_307' title='bbox 544 1580 642 1614; x_wconf 90' lang='lat' dir='ltr'>radio</span> <span class='ocrx_word' id='word_1_308' title='bbox 668 1578 860 1624; x_wconf 88' lang='lat' dir='ltr'>paucifioro</span> <span class='ocrx_word' id='word_1_309' title='bbox 888 1580 980 1622; x_wconf 69' lang='lat' dir='ltr'>l¹s2“</span> <span class='ocrx_word' id='word_1_310' title='bbox 1006 1579 1109 1615; x_wconf 85' lang='lat' dir='ltr'>diam.</span> <span class='ocrx_word' id='word_1_311' title='bbox 1135 1590 1283 1625; x_wconf 78' lang='lat' dir='ltr'>cyaneo,</span> <span class='ocrx_word' id='word_1_312' title='bbox 1318 1580 1499 1614; x_wconf 89' lang='lat' dir='ltr'>achaeniis</span> <span class='ocrx_word' id='word_1_313' title='bbox 1525 1580 1650 1623; x_wconf 85' lang='lat' dir='ltr'>griseis</span> <span class='ocrx_word' id='word_1_314' title='bbox 1675 1581 1868 1625; x_wconf 85' lang='lat' dir='ltr'>puberulis,</span> 
     </span>
     <span class='ocr_line' id='line_1_32' title="bbox 164 1626 1871 1673; baseline -0.001 -10"><span class='ocrx_word' id='word_1_315' title='bbox 164 1639 279 1673; x_wconf 91' lang='lat' dir='ltr'>pappo</span> <span class='ocrx_word' id='word_1_316' title='bbox 311 1628 427 1662; x_wconf 88' lang='lat' dir='ltr'>fructu</span> <span class='ocrx_word' id='word_1_317' title='bbox 459 1627 655 1671; x_wconf 88' lang='lat' dir='ltr'>quadruplo</span> <span class='ocrx_word' id='word_1_318' title='bbox 687 1627 855 1661; x_wconf 86' lang='lat' dir='ltr'>breviore.</span> <span class='ocrx_word' id='word_1_319' title='bbox 882 1647 925 1651; x_wconf 82' lang='lat'>——</span> <span class='ocrx_word' id='word_1_320' title='bbox 952 1627 1078 1661; x_wconf 86' lang='lat' dir='ltr'>Caules</span> <span class='ocrx_word' id='word_1_321' title='bbox 1111 1632 1258 1671; x_wconf 87' lang='lat' dir='ltr'>propter</span> <span class='ocrx_word' id='word_1_322' title='bbox 1290 1626 1376 1661; x_wconf 86' lang='lat' dir='ltr'>folia</span> <span class='ocrx_word' id='word_1_323' title='bbox 1408 1627 1613 1662; x_wconf 89' lang='lat' dir='ltr'>brevissime</span> <span class='ocrx_word' id='word_1_324' title='bbox 1648 1626 1871 1663; x_wconf 82' lang='lat' dir='ltr'>decurrentia</span> 
     </span>
     <span class='ocr_line' id='line_1_33' title="bbox 164 1673 884 1710; baseline -0.003 -1"><span class='ocrx_word' id='word_1_325' title='bbox 164 1687 233 1710; x_wconf 87' lang='lat' dir='ltr'>non</span> <span class='ocrx_word' id='word_1_326' title='bbox 257 1675 381 1708; x_wconf 88' lang='lat' dir='ltr'>alatus.</span> <span class='ocrx_word' id='word_1_327' title='bbox 430 1674 603 1708; x_wconf 81' lang='lat' dir='ltr'>Rhizoma</span> <span class='ocrx_word' id='word_1_328' title='bbox 631 1673 884 1708; x_wconf 86' lang='lat' dir='ltr'>stoloniferum.</span> 
     </span>
    </p>

    <p class='ocr_par' dir='ltr' id='par_1_7' title="bbox 259 1718 1867 1765">
     <span class='ocr_line' id='line_1_34' title="bbox 259 1718 1867 1765; baseline 0.001 -11"><span class='ocrx_word' id='word_1_329' title='bbox 259 1721 299 1754; x_wconf 84' lang='lat' dir='ltr'>In</span> <span class='ocrx_word' id='word_1_330' title='bbox 325 1720 552 1755; x_wconf 86' lang='lat' dir='ltr'>Catalauniae</span> <span class='ocrx_word' id='word_1_331' title='bbox 586 1719 729 1762; x_wconf 85' lang='lat' dir='ltr'>regione</span> <span class='ocrx_word' id='word_1_332' title='bbox 759 1725 927 1754; x_wconf 88' lang='lat' dir='ltr'>montana</span> <span class='ocrx_word' id='word_1_333' title='bbox 960 1719 1113 1763; x_wconf 85' lang='lat' dir='ltr'>(Montes</span> <span class='ocrx_word' id='word_1_334' title='bbox 1147 1718 1189 1753; x_wconf 83' lang='lat' dir='ltr'>de</span> <span class='ocrx_word' id='word_1_335' title='bbox 1215 1719 1369 1753; x_wconf 87' lang='lat' dir='ltr'>Cabrera</span> <span class='ocrx_word' id='word_1_336' title='bbox 1401 1731 1423 1764; x_wconf 87' lang='lat' dir='ltr'><strong>y</strong></span> <span class='ocrx_word' id='word_1_337' title='bbox 1447 1719 1489 1754; x_wconf 87' lang='lat' dir='ltr'>de</span> <span class='ocrx_word' id='word_1_338' title='bbox 1514 1719 1707 1765; x_wconf 83' lang='lat' dir='ltr'>Monseny,</span> <span class='ocrx_word' id='word_1_339' title='bbox 1734 1721 1867 1764; x_wconf 83' lang='lat' dir='ltr'>SALV.,</span> 
     </span>
    </p>

    <p class='ocr_par' dir='ltr' id='par_1_8' title="bbox 212 1765 1278 1848">
     <span class='ocr_line' id='line_1_35' title="bbox 212 1765 1278 1810; baseline -0.003 -7"><span class='ocrx_word' id='word_1_340' title='bbox 212 1779 239 1803; x_wconf 87' lang='lat' dir='ltr'>c.</span> <span class='ocrx_word' id='word_1_341' title='bbox 266 1768 430 1810; x_wconf 86' lang='lat' dir='ltr'>Corbera,</span> <span class='ocrx_word' id='word_1_342' title='bbox 455 1767 582 1810; x_wconf 82' lang='lat' dir='ltr'>Berga,</span> <span class='ocrx_word' id='word_1_343' title='bbox 608 1766 766 1810; x_wconf 84' lang='lat' dir='ltr'>CSTA.!).</span> <span class='ocrx_word' id='word_1_344' title='bbox 791 1786 838 1790; x_wconf 86' lang='lat'><strong>—</strong></span> <span class='ocrx_word' id='word_1_345' title='bbox 865 1774 900 1807; x_wconf 74' lang='grc'>21.</span> <span class='ocrx_word' id='word_1_346' title='bbox 927 1765 1011 1810; x_wconf 72' lang='lat' dir='ltr'>Jul,</span> <span class='ocrx_word' id='word_1_347' title='bbox 1038 1766 1127 1809; x_wconf 87' lang='lat' dir='ltr'>Aug.</span> <span class='ocrx_word' id='word_1_348' title='bbox 1156 1767 1198 1810; x_wconf 84' lang='lat' dir='ltr'>(v.</span> <span class='ocrx_word' id='word_1_349' title='bbox 1226 1766 1278 1809; x_wconf 90' lang='lat' dir='ltr'>s.).</span> 
     </span>
     <span class='ocr_line' id='line_1_36' title="bbox 256 1813 712 1848; baseline -0.004 0"><span class='ocrx_word' id='word_1_350' title='bbox 256 1814 344 1848; x_wconf 83' lang='lat' dir='ltr'>Hnb.</span> <span class='ocrx_word' id='word_1_351' title='bbox 370 1814 404 1847; x_wconf 92' lang='lat' dir='ltr'>in</span> <span class='ocrx_word' id='word_1_352' title='bbox 431 1814 523 1848; x_wconf 85' lang='lat' dir='ltr'>Gall.</span> <span class='ocrx_word' id='word_1_353' title='bbox 550 1813 712 1848; x_wconf 86' lang='lat' dir='ltr'>australi.</span> 
     </span>
    </p>
   </div>
   <div class='ocr_carea' id='block_1_4' title="bbox 165 1869 1877 2934">
    <p class='ocr_par' dir='ltr' id='par_1_9' title="bbox 165 1869 1873 2185">
     <span class='ocr_line' id='line_1_37' title="bbox 262 1869 1869 1915; baseline 0.002 -11"><span class='ocrx_word' id='word_1_354' title='bbox 262 1872 360 1904; x_wconf 82' lang='lat'>1610.</span> <span class='ocrx_word' id='word_1_355' title='bbox 411 1873 455 1905; x_wconf 86' lang='lat' dir='ltr'>C.</span> <span class='ocrx_word' id='word_1_356' title='bbox 479 1873 778 1913; x_wconf 75' lang='lat' dir='ltr'>Lugdunensis</span> <span class='ocrx_word' id='word_1_357' title='bbox 804 1870 925 1905; x_wconf 84' lang='lat' dir='ltr'>JORD.</span> <span class='ocrx_word' id='word_1_358' title='bbox 957 1871 978 1904; x_wconf 91' lang='grc'>1.</span> <span class='ocrx_word' id='word_1_359' title='bbox 1005 1881 1033 1904; x_wconf 92' lang='lat' dir='ltr'>c.</span> <span class='ocrx_word' id='word_1_360' title='bbox 1065 1875 1089 1904; x_wconf 92' lang='lat' dir='ltr'>t.</span> <span class='ocrx_word' id='word_1_361' title='bbox 1118 1872 1149 1915; x_wconf 87' lang='lat'>3,</span> <span class='ocrx_word' id='word_1_362' title='bbox 1175 1870 1198 1904; x_wconf 89' lang='lat' dir='ltr'>f.</span> <span class='ocrx_word' id='word_1_363' title='bbox 1225 1869 1276 1905; x_wconf 79' lang='lat' dir='ltr'>A!</span> <span class='ocrx_word' id='word_1_364' title='bbox 1309 1869 1380 1904; x_wconf 84' lang='lat' dir='ltr'>GR.</span> <span class='ocrx_word' id='word_1_365' title='bbox 1407 1869 1535 1905; x_wconf 83' lang='lat' dir='ltr'>GODR.</span> <span class='ocrx_word' id='word_1_366' title='bbox 1561 1870 1584 1905; x_wconf 92' lang='grc'>1.</span> <span class='ocrx_word' id='word_1_367' title='bbox 1611 1882 1638 1905; x_wconf 90' lang='grc'>6.</span> <span class='ocrx_word' id='word_1_368' title='bbox 1670 1871 1795 1906; x_wconf 84' lang='lat' dir='ltr'>RCHB.</span> <span class='ocrx_word' id='word_1_369' title='bbox 1821 1872 1869 1907; x_wconf 89' lang='lat' dir='ltr'>Ic.</span> 
     </span>
     <span class='ocr_line' id='line_1_38' title="bbox 167 1916 1871 1963; baseline 0.002 -13"><span class='ocrx_word' id='word_1_370' title='bbox 167 1917 189 1951; x_wconf 96' lang='grc'>1.</span> <span class='ocrx_word' id='word_1_371' title='bbox 209 1928 237 1951; x_wconf 92' lang='lat' dir='ltr'>c.</span> <span class='ocrx_word' id='word_1_372' title='bbox 262 1923 285 1952; x_wconf 93' lang='lat' dir='ltr'>t.</span> <span class='ocrx_word' id='word_1_373' title='bbox 306 1919 361 1962; x_wconf 78' lang='lat'>38,</span> <span class='ocrx_word' id='word_1_374' title='bbox 387 1917 409 1951; x_wconf 88' lang='lat' dir='ltr'>f.</span> <span class='ocrx_word' id='word_1_375' title='bbox 435 1917 470 1952; x_wconf 91' lang='lat' dir='ltr'>I!</span> <span class='ocrx_word' id='word_1_376' title='bbox 498 1918 548 1962; x_wconf 85' lang='lat' dir='ltr'>(C.</span> <span class='ocrx_word' id='word_1_377' title='bbox 574 1924 740 1953; x_wconf 91' lang='lat' dir='ltr'>montana</span> <span class='ocrx_word' id='word_1_378' title='bbox 765 1920 801 1959; x_wconf 74' lang='grc' dir='ltr'>β.</span> <span class='ocrx_word' id='word_1_379' title='bbox 828 1917 938 1951; x_wconf 85' lang='lat' dir='ltr'>VILL.</span> <span class='ocrx_word' id='word_1_380' title='bbox 965 1927 1008 1951; x_wconf 89' lang='lat' dir='ltr'>ex</span> <span class='ocrx_word' id='word_1_381' title='bbox 1032 1929 1077 1961; x_wconf 86' lang='lat' dir='ltr'>p.,</span> <span class='ocrx_word' id='word_1_382' title='bbox 1104 1917 1139 1951; x_wconf 90' lang='lat' dir='ltr'>C.</span> <span class='ocrx_word' id='word_1_383' title='bbox 1165 1922 1331 1951; x_wconf 88' lang='lat' dir='ltr'>montana</span> <span class='ocrx_word' id='word_1_384' title='bbox 1355 1916 1471 1952; x_wconf 82' lang='lat' dir='ltr'>CSTA.</span> <span class='ocrx_word' id='word_1_385' title='bbox 1497 1917 1518 1952; x_wconf 94' lang='lat' dir='ltr'>l.</span> <span class='ocrx_word' id='word_1_386' title='bbox 1538 1928 1565 1952; x_wconf 91' lang='grc'>6.</span> <span class='ocrx_word' id='word_1_387' title='bbox 1592 1927 1636 1952; x_wconf 84' lang='lat' dir='ltr'>ex</span> <span class='ocrx_word' id='word_1_388' title='bbox 1659 1930 1705 1963; x_wconf 91' lang='lat' dir='ltr'>p.,</span> <span class='ocrx_word' id='word_1_389' title='bbox 1731 1918 1871 1963; x_wconf 86' lang='lat' dir='ltr'>Cyanus</span> 
     </span>
     <span class='ocr_line' id='line_1_39' title="bbox 165 1962 1872 2009; baseline 0.002 -12"><span class='ocrx_word' id='word_1_390' title='bbox 165 1969 348 1999; x_wconf 88' lang='lat' dir='ltr'>montanus</span> <span class='ocrx_word' id='word_1_391' title='bbox 373 1963 619 2007; x_wconf 83' lang='lat' dir='ltr'>Lugdunensis</span> <span class='ocrx_word' id='word_1_392' title='bbox 645 1964 727 1999; x_wconf 85' lang='lat' dir='ltr'>folio</span> <span class='ocrx_word' id='word_1_393' title='bbox 752 1964 1001 2007; x_wconf 85' lang='lat' dir='ltr'>angustissimo</span> <span class='ocrx_word' id='word_1_394' title='bbox 1028 1963 1211 2007; x_wconf 81' lang='lat' dir='ltr'>TOURN.).</span> <span class='ocrx_word' id='word_1_395' title='bbox 1260 1962 1390 1998; x_wconf 87' lang='lat' dir='ltr'>Differt</span> <span class='ocrx_word' id='word_1_396' title='bbox 1421 1974 1442 1998; x_wconf 90' lang='lat' dir='ltr'>a</span> <span class='ocrx_word' id='word_1_397' title='bbox 1474 1963 1637 2008; x_wconf 86' lang='lat' dir='ltr'>praeced.</span> <span class='ocrx_word' id='word_1_398' title='bbox 1669 1965 1769 1999; x_wconf 90' lang='lat' dir='ltr'>caule</span> <span class='ocrx_word' id='word_1_399' title='bbox 1794 1976 1872 2009; x_wconf 89' lang='lat' dir='ltr'>gra—</span> 
     </span>
     <span class='ocr_line' id='line_1_40' title="bbox 166 2010 1872 2055; baseline 0.001 -11"><span class='ocrx_word' id='word_1_400' title='bbox 166 2010 302 2055; x_wconf 89' lang='lat' dir='ltr'>ciliore,</span> <span class='ocrx_word' id='word_1_401' title='bbox 327 2011 500 2055; x_wconf 85' lang='lat' dir='ltr'>longiore,</span> <span class='ocrx_word' id='word_1_402' title='bbox 536 2011 732 2045; x_wconf 84' lang='lat' dir='ltr'>rhizomate</span> <span class='ocrx_word' id='word_1_403' title='bbox 758 2010 925 2053; x_wconf 86' lang='lat' dir='ltr'>estoloni,</span> <span class='ocrx_word' id='word_1_404' title='bbox 958 2010 1051 2045; x_wconf 87' lang='lat' dir='ltr'>foliis</span> <span class='ocrx_word' id='word_1_405' title='bbox 1077 2010 1624 2053; x_wconf 87' lang='lat' dir='ltr'>elongato-lineari-lanceolatis,</span> <span class='ocrx_word' id='word_1_406' title='bbox 1661 2012 1811 2047; x_wconf 89' lang='lat' dir='ltr'>caulinis</span> <span class='ocrx_word' id='word_1_407' title='bbox 1835 2012 1872 2046; x_wconf 90' lang='lat' dir='ltr'>in</span> 
     </span>
     <span class='ocr_line' id='line_1_41' title="bbox 167 2056 1873 2102; baseline 0.002 -12"><span class='ocrx_word' id='word_1_408' title='bbox 167 2056 242 2091; x_wconf 89' lang='lat' dir='ltr'>alas</span> <span class='ocrx_word' id='word_1_409' title='bbox 269 2057 537 2100; x_wconf 87' lang='lat' dir='ltr'>angustissimas</span> <span class='ocrx_word' id='word_1_410' title='bbox 563 2057 852 2098; x_wconf 83' lang='lat' dir='ltr'>decurrentibus,</span> <span class='ocrx_word' id='word_1_411' title='bbox 878 2057 1032 2100; x_wconf 90' lang='lat' dir='ltr'>squamis</span> <span class='ocrx_word' id='word_1_412' title='bbox 1059 2056 1219 2091; x_wconf 89' lang='lat' dir='ltr'>anthodii</span> <span class='ocrx_word' id='word_1_413' title='bbox 1243 2057 1590 2102; x_wconf 88' lang='lat' dir='ltr'>ovato-lanceolatis,</span> <span class='ocrx_word' id='word_1_414' title='bbox 1615 2068 1732 2102; x_wconf 89' lang='lat' dir='ltr'>pappo</span> <span class='ocrx_word' id='word_1_415' title='bbox 1756 2058 1873 2093; x_wconf 88' lang='lat' dir='ltr'>fructu</span> 
     </span>
     <span class='ocr_line' id='line_1_42' title="bbox 168 2103 1872 2150; baseline 0.002 -14"><span class='ocrx_word' id='word_1_416' title='bbox 168 2103 275 2147; x_wconf 88' lang='lat' dir='ltr'>triplo</span> <span class='ocrx_word' id='word_1_417' title='bbox 298 2104 468 2138; x_wconf 90' lang='lat' dir='ltr'>breviore.</span> <span class='ocrx_word' id='word_1_418' title='bbox 494 2124 539 2129; x_wconf 84' lang='lat'><strong>—</strong></span> <span class='ocrx_word' id='word_1_419' title='bbox 564 2104 792 2148; x_wconf 86' lang='lat' dir='ltr'>Lanuginosa</span> <span class='ocrx_word' id='word_1_420' title='bbox 815 2103 968 2148; x_wconf 89' lang='lat' dir='ltr'>pilisque</span> <span class='ocrx_word' id='word_1_421' title='bbox 993 2103 1147 2139; x_wconf 89' lang='lat' dir='ltr'>curvatis</span> <span class='ocrx_word' id='word_1_422' title='bbox 1172 2103 1300 2138; x_wconf 90' lang='lat' dir='ltr'>vestita</span> <span class='ocrx_word' id='word_1_423' title='bbox 1331 2108 1369 2138; x_wconf 90' lang='lat' dir='ltr'>ut</span> <span class='ocrx_word' id='word_1_424' title='bbox 1400 2103 1633 2150; x_wconf 85' lang='lat' dir='ltr'>praecedens,</span> <span class='ocrx_word' id='word_1_425' title='bbox 1667 2105 1724 2139; x_wconf 92' lang='lat' dir='ltr'>cui</span> <span class='ocrx_word' id='word_1_426' title='bbox 1756 2105 1872 2150; x_wconf 88' lang='lat' dir='ltr'>quoad</span> 
     </span>
     <span class='ocr_line' id='line_1_43' title="bbox 171 2150 542 2185; baseline 0.005 -2"><span class='ocrx_word' id='word_1_427' title='bbox 171 2150 328 2184; x_wconf 89' lang='lat' dir='ltr'>calathia</span> <span class='ocrx_word' id='word_1_428' title='bbox 354 2150 542 2185; x_wconf 90' lang='lat' dir='ltr'>simillima.</span> 
     </span>
    </p>

    <p class='ocr_par' dir='ltr' id='par_1_10' title="bbox 261 2195 1305 2243">
     <span class='ocr_line' id='line_1_44' title="bbox 261 2195 1305 2243; baseline 0 -13"><span class='ocrx_word' id='word_1_429' title='bbox 261 2196 347 2230; x_wconf 90' lang='lat' dir='ltr'>Cum</span> <span class='ocrx_word' id='word_1_430' title='bbox 371 2197 605 2241; x_wconf 87' lang='lat' dir='ltr'>praecedente</span> <span class='ocrx_word' id='word_1_431' title='bbox 631 2197 805 2241; x_wconf 86' lang='lat' dir='ltr'>(CSTA.!).</span> <span class='ocrx_word' id='word_1_432' title='bbox 831 2217 876 2222; x_wconf 92' lang='lat'><strong>—</strong></span> <span class='ocrx_word' id='word_1_433' title='bbox 901 2205 936 2238; x_wconf 65' lang='lat'>21.</span> <span class='ocrx_word' id='word_1_434' title='bbox 964 2195 1058 2243; x_wconf 86' lang='lat' dir='ltr'>Jun.,</span> <span class='ocrx_word' id='word_1_435' title='bbox 1084 2196 1158 2232; x_wconf 87' lang='lat' dir='ltr'>Jul.</span> <span class='ocrx_word' id='word_1_436' title='bbox 1185 2197 1225 2242; x_wconf 92' lang='lat' dir='ltr'>(v.</span> <span class='ocrx_word' id='word_1_437' title='bbox 1252 2196 1305 2240; x_wconf 90' lang='lat' dir='ltr'>s.).</span> 
     </span>
    </p>

    <p class='ocr_par' dir='ltr' id='par_1_11' title="bbox 263 2242 715 2279">
     <span class='ocr_line' id='line_1_45' title="bbox 263 2242 715 2279; baseline 0.004 -3"><span class='ocrx_word' id='word_1_438' title='bbox 263 2242 354 2277; x_wconf 87' lang='lat' dir='ltr'>Hah.</span> <span class='ocrx_word' id='word_1_439' title='bbox 380 2244 416 2276; x_wconf 90' lang='lat' dir='ltr'>in</span> <span class='ocrx_word' id='word_1_440' title='bbox 441 2243 532 2278; x_wconf 88' lang='lat' dir='ltr'>Gall.</span> <span class='ocrx_word' id='word_1_441' title='bbox 558 2244 715 2279; x_wconf 88' lang='lat' dir='ltr'>australi.</span> 
     </span>
    </p>

    <p class='ocr_par' dir='ltr' id='par_1_12' title="bbox 215 2288 1877 2934">
     <span class='ocr_line' id='line_1_46' title="bbox 263 2288 1874 2335; baseline 0.001 -12"><span class='ocrx_word' id='word_1_442' title='bbox 263 2289 435 2324; x_wconf 83' lang='lat' dir='ltr'>Observ.</span> <span class='ocrx_word' id='word_1_443' title='bbox 481 2291 624 2335; x_wconf 86' lang='lat' dir='ltr'>Species</span> <span class='ocrx_word' id='word_1_444' title='bbox 648 2291 716 2324; x_wconf 92' lang='lat' dir='ltr'>hae</span> <span class='ocrx_word' id='word_1_445' title='bbox 742 2289 832 2325; x_wconf 87' lang='lat' dir='ltr'>duae</span> <span class='ocrx_word' id='word_1_446' title='bbox 856 2300 969 2334; x_wconf 87' lang='lat' dir='ltr'>neque</span> <span class='ocrx_word' id='word_1_447' title='bbox 993 2290 1087 2325; x_wconf 84' lang='lat' dir='ltr'>inter</span> <span class='ocrx_word' id='word_1_448' title='bbox 1111 2300 1148 2325; x_wconf 92' lang='lat' dir='ltr'>se</span> <span class='ocrx_word' id='word_1_449' title='bbox 1175 2288 1338 2333; x_wconf 88' lang='lat' dir='ltr'>specifice</span> <span class='ocrx_word' id='word_1_450' title='bbox 1365 2288 1507 2323; x_wconf 89' lang='lat' dir='ltr'>differre</span> <span class='ocrx_word' id='word_1_451' title='bbox 1533 2299 1646 2333; x_wconf 90' lang='lat' dir='ltr'>neque</span> <span class='ocrx_word' id='word_1_452' title='bbox 1671 2299 1692 2323; x_wconf 91' lang='lat' dir='ltr'>a</span> <span class='ocrx_word' id='word_1_453' title='bbox 1716 2289 1752 2324; x_wconf 87' lang='lat' dir='ltr'>C.</span> <span class='ocrx_word' id='word_1_454' title='bbox 1776 2299 1874 2325; x_wconf 90' lang='lat' dir='ltr'>mon-</span> 
     </span>
     <span class='ocr_line' id='line_1_47' title="bbox 215 2334 1874 2379; baseline 0.002 -11"><span class='ocrx_word' id='word_1_455' title='bbox 215 2338 300 2370; x_wconf 87' lang='lat' dir='ltr'>tana</span> <span class='ocrx_word' id='word_1_456' title='bbox 314 2335 356 2370; x_wconf 89' lang='lat' dir='ltr'>L.</span> <span class='ocrx_word' id='word_1_457' title='bbox 384 2336 470 2371; x_wconf 89' lang='lat' dir='ltr'>satis</span> <span class='ocrx_word' id='word_1_458' title='bbox 497 2337 687 2373; x_wconf 87' lang='lat' dir='ltr'>distinctae</span> <span class='ocrx_word' id='word_1_459' title='bbox 712 2347 790 2372; x_wconf 88' lang='lat' dir='ltr'>esse</span> <span class='ocrx_word' id='word_1_460' title='bbox 814 2337 903 2371; x_wconf 91' lang='lat' dir='ltr'>mihi</span> <span class='ocrx_word' id='word_1_461' title='bbox 919 2335 1091 2371; x_wconf 88' lang='lat' dir='ltr'>videntur.</span> <span class='ocrx_word' id='word_1_462' title='bbox 1129 2336 1294 2371; x_wconf 86' lang='lat' dir='ltr'>Profecto</span> <span class='ocrx_word' id='word_1_463' title='bbox 1320 2335 1460 2379; x_wconf 86' lang='lat' dir='ltr'>quidem</span> <span class='ocrx_word' id='word_1_464' title='bbox 1485 2334 1600 2370; x_wconf 84' lang='lat' dir='ltr'>forma</span> <span class='ocrx_word' id='word_1_465' title='bbox 1625 2335 1660 2370; x_wconf 83' lang='lat' dir='ltr'>G.</span> <span class='ocrx_word' id='word_1_466' title='bbox 1686 2341 1874 2372; x_wconf 84' lang='lat' dir='ltr'>montanae</span> 
     </span>
     <span class='ocr_line' id='line_1_48' title="bbox 215 2381 1874 2427; baseline 0.002 -13"><span class='ocrx_word' id='word_1_467' title='bbox 215 2382 334 2426; x_wconf 83' lang='lat' dir='ltr'>typica</span> <span class='ocrx_word' id='word_1_468' title='bbox 349 2382 385 2416; x_wconf 88' lang='lat' dir='ltr'>in</span> <span class='ocrx_word' id='word_1_469' title='bbox 402 2381 603 2427; x_wconf 86' lang='lat' dir='ltr'>Germania,</span> <span class='ocrx_word' id='word_1_470' title='bbox 628 2383 749 2418; x_wconf 87' lang='lat' dir='ltr'>Gallia</span> <span class='ocrx_word' id='word_1_471' title='bbox 766 2383 988 2427; x_wconf 89' lang='lat' dir='ltr'>Alpibusque</span> <span class='ocrx_word' id='word_1_472' title='bbox 1007 2393 1167 2418; x_wconf 89' lang='lat' dir='ltr'>crescens</span> <span class='ocrx_word' id='word_1_473' title='bbox 1193 2382 1287 2417; x_wconf 89' lang='lat' dir='ltr'>foliis</span> <span class='ocrx_word' id='word_1_474' title='bbox 1312 2381 1415 2425; x_wconf 92' lang='lat' dir='ltr'>longe</span> <span class='ocrx_word' id='word_1_475' title='bbox 1439 2382 1581 2426; x_wconf 89' lang='lat' dir='ltr'>lateque</span> <span class='ocrx_word' id='word_1_476' title='bbox 1606 2381 1874 2418; x_wconf 85' lang='lat' dir='ltr'>decurrentibus</span> 
     </span>
     <span class='ocr_line' id='line_1_49' title="bbox 216 2428 1875 2473; baseline 0.002 -13"><span class='ocrx_word' id='word_1_477' title='bbox 216 2432 251 2460; x_wconf 86' lang='lat' dir='ltr'>et</span> <span class='ocrx_word' id='word_1_478' title='bbox 275 2429 429 2472; x_wconf 89' lang='lat' dir='ltr'>squamis</span> <span class='ocrx_word' id='word_1_479' title='bbox 454 2430 612 2465; x_wconf 89' lang='lat' dir='ltr'>anthodii</span> <span class='ocrx_word' id='word_1_480' title='bbox 635 2430 962 2473; x_wconf 86' lang='lat' dir='ltr'>nigro-marginatis</span> <span class='ocrx_word' id='word_1_481' title='bbox 988 2430 1148 2473; x_wconf 86' lang='lat' dir='ltr'>ciliisque</span> <span class='ocrx_word' id='word_1_482' title='bbox 1173 2440 1252 2464; x_wconf 89' lang='lat' dir='ltr'>cum</span> <span class='ocrx_word' id='word_1_483' title='bbox 1275 2429 1353 2473; x_wconf 90' lang='lat' dir='ltr'>ipso</span> <span class='ocrx_word' id='word_1_484' title='bbox 1384 2429 1542 2472; x_wconf 88' lang='lat' dir='ltr'>margine</span> <span class='ocrx_word' id='word_1_485' title='bbox 1576 2428 1821 2464; x_wconf 90' lang='lat' dir='ltr'>concoloribus</span> <span class='ocrx_word' id='word_1_486' title='bbox 1853 2440 1875 2464; x_wconf 88' lang='lat' dir='ltr'>a</span> 
     </span>
     <span class='ocr_line' id='line_1_50' title="bbox 217 2472 1873 2521; baseline 0.002 -15"><span class='ocrx_word' id='word_1_487' title='bbox 217 2472 252 2507; x_wconf 88' lang='lat' dir='ltr'>C.</span> <span class='ocrx_word' id='word_1_488' title='bbox 278 2474 504 2517; x_wconf 88' lang='lat' dir='ltr'>Lugdunensi</span> <span class='ocrx_word' id='word_1_489' title='bbox 529 2482 564 2511; x_wconf 92' lang='lat' dir='ltr'>et</span> <span class='ocrx_word' id='word_1_490' title='bbox 589 2476 883 2511; x_wconf 88' lang='lat' dir='ltr'>semidecurrente</span> <span class='ocrx_word' id='word_1_491' title='bbox 909 2476 1022 2521; x_wconf 89' lang='lat' dir='ltr'>primo</span> <span class='ocrx_word' id='word_1_492' title='bbox 1046 2476 1176 2510; x_wconf 87' lang='lat' dir='ltr'>intuitu</span> <span class='ocrx_word' id='word_1_493' title='bbox 1200 2474 1334 2519; x_wconf 85' lang='lat' dir='ltr'>differt,</span> <span class='ocrx_word' id='word_1_494' title='bbox 1367 2474 1429 2510; x_wconf 88' lang='grc'><strong>66(1</strong></span> <span class='ocrx_word' id='word_1_495' title='bbox 1452 2486 1522 2510; x_wconf 83' lang='grc'><strong>11011</strong></span> <span class='ocrx_word' id='word_1_496' title='bbox 1545 2479 1698 2521; x_wconf 88' lang='lat' dir='ltr'>tantum,</span> <span class='ocrx_word' id='word_1_497' title='bbox 1731 2480 1770 2510; x_wconf 85' lang='lat' dir='ltr'>ut</span> <span class='ocrx_word' id='word_1_498' title='bbox 1795 2487 1873 2510; x_wconf 90' lang='lat' dir='ltr'>cum</span> 
     </span>
     <span class='ocr_line' id='line_1_51' title="bbox 218 2519 1875 2566; baseline 0.002 -13"><span class='ocrx_word' id='word_1_499' title='bbox 218 2519 387 2564; x_wconf 85' lang='lat' dir='ltr'>stirpibus</span> <span class='ocrx_word' id='word_1_500' title='bbox 413 2521 484 2556; x_wconf 91' lang='lat' dir='ltr'>illis</span> <span class='ocrx_word' id='word_1_501' title='bbox 509 2522 926 2558; x_wconf 86' lang='lat' dir='ltr'>austro-occidentalibus</span> <span class='ocrx_word' id='word_1_502' title='bbox 948 2533 1017 2557; x_wconf 91' lang='lat' dir='ltr'>non</span> <span class='ocrx_word' id='word_1_503' title='bbox 1043 2522 1206 2566; x_wconf 88' lang='lat' dir='ltr'>conjungi</span> <span class='ocrx_word' id='word_1_504' title='bbox 1229 2521 1353 2566; x_wconf 89' lang='lat' dir='ltr'>possit.</span> <span class='ocrx_word' id='word_1_505' title='bbox 1401 2522 1588 2557; x_wconf 85' lang='lat' dir='ltr'>Structura</span> <span class='ocrx_word' id='word_1_506' title='bbox 1613 2522 1706 2556; x_wconf 90' lang='lat' dir='ltr'>enim</span> <span class='ocrx_word' id='word_1_507' title='bbox 1732 2521 1875 2565; x_wconf 85' lang='lat' dir='ltr'>stigma-</span> 
     </span>
     <span class='ocr_line' id='line_1_52' title="bbox 217 2567 1877 2613; baseline 0.002 -14"><span class='ocrx_word' id='word_1_508' title='bbox 217 2570 301 2610; x_wconf 89' lang='lat' dir='ltr'>tum,</span> <span class='ocrx_word' id='word_1_509' title='bbox 326 2567 551 2602; x_wconf 88' lang='lat' dir='ltr'>antherarum</span> <span class='ocrx_word' id='word_1_510' title='bbox 577 2575 612 2604; x_wconf 85' lang='lat' dir='ltr'>et</span> <span class='ocrx_word' id='word_1_511' title='bbox 637 2570 905 2613; x_wconf 88' lang='lat' dir='ltr'>achaeniorum,</span> <span class='ocrx_word' id='word_1_512' title='bbox 932 2579 1021 2613; x_wconf 89' lang='lat' dir='ltr'>quae</span> <span class='ocrx_word' id='word_1_513' title='bbox 1045 2569 1081 2602; x_wconf 93' lang='lat' dir='ltr'>in</span> <span class='ocrx_word' id='word_1_514' title='bbox 1105 2569 1173 2604; x_wconf 91' lang='lat' dir='ltr'>hac</span> <span class='ocrx_word' id='word_1_515' title='bbox 1198 2569 1419 2603; x_wconf 88' lang='lat' dir='ltr'>Centaureae</span> <span class='ocrx_word' id='word_1_516' title='bbox 1445 2569 1600 2603; x_wconf 89' lang='lat' dir='ltr'>sectione</span> <span class='ocrx_word' id='word_1_517' title='bbox 1624 2568 1770 2602; x_wconf 81' lang='lat' dir='ltr'>maximi</span> <span class='ocrx_word' id='word_1_518' title='bbox 1795 2574 1877 2603; x_wconf 90' lang='lat' dir='ltr'>sunt</span> 
     </span>
     <span class='ocr_line' id='line_1_53' title="bbox 217 2613 1876 2659; baseline 0.003 -14"><span class='ocrx_word' id='word_1_519' title='bbox 217 2613 400 2650; x_wconf 80' lang='lat' dir='ltr'>momenti.</span> <span class='ocrx_word' id='word_1_520' title='bbox 432 2619 470 2648; x_wconf 92' lang='lat' dir='ltr'>ut</span> <span class='ocrx_word' id='word_1_521' title='bbox 498 2614 587 2649; x_wconf 89' lang='lat' dir='ltr'>bene</span> <span class='ocrx_word' id='word_1_522' title='bbox 619 2616 753 2650; x_wconf 88' lang='lat' dir='ltr'>monuit</span> <span class='ocrx_word' id='word_1_523' title='bbox 785 2616 827 2651; x_wconf 90' lang='grc'>61.</span> <span class='ocrx_word' id='word_1_524' title='bbox 853 2615 979 2650; x_wconf 84' lang='lat' dir='ltr'>ROHB.</span> <span class='ocrx_word' id='word_1_525' title='bbox 1003 2614 1051 2649; x_wconf 91' lang='lat' dir='ltr'>fil.</span> <span class='ocrx_word' id='word_1_526' title='bbox 1079 2615 1140 2659; x_wconf 88' lang='lat' dir='ltr'>(Ic.</span> <span class='ocrx_word' id='word_1_527' title='bbox 1173 2615 1196 2649; x_wconf 91' lang='lat' dir='ltr'>l.</span> <span class='ocrx_word' id='word_1_528' title='bbox 1221 2626 1249 2650; x_wconf 91' lang='lat' dir='ltr'>c.</span> <span class='ocrx_word' id='word_1_529' title='bbox 1286 2627 1319 2659; x_wconf 91' lang='lat' dir='ltr'>p.</span> <span class='ocrx_word' id='word_1_530' title='bbox 1345 2614 1420 2658; x_wconf 83' lang='grc'><strong>241)</strong></span> <span class='ocrx_word' id='word_1_531' title='bbox 1446 2614 1585 2649; x_wconf 90' lang='lat' dir='ltr'>omnino</span> <span class='ocrx_word' id='word_1_532' title='bbox 1611 2613 1735 2648; x_wconf 89' lang='lat' dir='ltr'>eadem</span> <span class='ocrx_word' id='word_1_533' title='bbox 1760 2619 1815 2649; x_wconf 91' lang='lat' dir='ltr'>est</span> <span class='ocrx_word' id='word_1_534' title='bbox 1837 2615 1876 2650; x_wconf 89' lang='lat' dir='ltr'>in</span> 
     </span>
     <span class='ocr_line' id='line_1_54' title="bbox 216 2658 1877 2707; baseline 0.003 -16"><span class='ocrx_word' id='word_1_535' title='bbox 216 2658 330 2693; x_wconf 89' lang='lat' dir='ltr'>tribus</span> <span class='ocrx_word' id='word_1_536' title='bbox 361 2659 418 2694; x_wconf 86' lang='lat' dir='ltr'>his</span> <span class='ocrx_word' id='word_1_537' title='bbox 452 2660 583 2704; x_wconf 89' lang='lat' dir='ltr'>plantis</span> <span class='ocrx_word' id='word_1_538' title='bbox 614 2667 650 2696; x_wconf 91' lang='lat' dir='ltr'>et</span> <span class='ocrx_word' id='word_1_539' title='bbox 682 2663 793 2697; x_wconf 89' lang='lat' dir='ltr'>solum</span> <span class='ocrx_word' id='word_1_540' title='bbox 825 2662 964 2697; x_wconf 86' lang='lat' dir='ltr'>diversa</span> <span class='ocrx_word' id='word_1_541' title='bbox 1000 2661 1180 2705; x_wconf 87' lang='lat' dir='ltr'>longitudo</span> <span class='ocrx_word' id='word_1_542' title='bbox 1213 2661 1340 2707; x_wconf 90' lang='lat' dir='ltr'>pappi,</span> <span class='ocrx_word' id='word_1_543' title='bbox 1375 2670 1465 2704; x_wconf 89' lang='lat' dir='ltr'>quae</span> <span class='ocrx_word' id='word_1_544' title='bbox 1497 2661 1533 2694; x_wconf 90' lang='lat' dir='ltr'>in</span> <span class='ocrx_word' id='word_1_545' title='bbox 1570 2660 1732 2695; x_wconf 86' lang='lat' dir='ltr'>omnibus</span> <span class='ocrx_word' id='word_1_546' title='bbox 1766 2660 1877 2706; x_wconf 84' lang='lat' dir='ltr'>Gyani</span> 
     </span>
     <span class='ocr_line' id='line_1_55' title="bbox 217 2704 1876 2753; baseline 0.002 -15"><span class='ocrx_word' id='word_1_547' title='bbox 217 2704 402 2749; x_wconf 88' lang='lat' dir='ltr'>speciebus</span> <span class='ocrx_word' id='word_1_548' title='bbox 426 2706 526 2740; x_wconf 89' lang='lat' dir='ltr'>valde</span> <span class='ocrx_word' id='word_1_549' title='bbox 551 2708 674 2743; x_wconf 88' lang='lat' dir='ltr'>variat.</span> <span class='ocrx_word' id='word_1_550' title='bbox 708 2708 868 2753; x_wconf 88' lang='lat' dir='ltr'>Accedit,</span> <span class='ocrx_word' id='word_1_551' title='bbox 895 2707 986 2752; x_wconf 90' lang='lat' dir='ltr'>quod</span> <span class='ocrx_word' id='word_1_552' title='bbox 1012 2708 1119 2742; x_wconf 87' lang='lat' dir='ltr'>etiam</span> <span class='ocrx_word' id='word_1_553' title='bbox 1144 2707 1237 2752; x_wconf 90' lang='lat' dir='ltr'>apud</span> <span class='ocrx_word' id='word_1_554' title='bbox 1262 2718 1325 2742; x_wconf 89' lang='lat' dir='ltr'>nos</span> <span class='ocrx_word' id='word_1_555' title='bbox 1343 2711 1530 2742; x_wconf 89' lang='lat' dir='ltr'>occurrunt</span> <span class='ocrx_word' id='word_1_556' title='bbox 1548 2706 1724 2741; x_wconf 87' lang='lat' dir='ltr'>interdum</span> <span class='ocrx_word' id='word_1_557' title='bbox 1741 2706 1876 2742; x_wconf 87' lang='lat' dir='ltr'>formae</span> 
     </span>
     <span class='ocr_line' id='line_1_56' title="bbox 219 2750 1875 2800; baseline 0.002 -15"><span class='ocrx_word' id='word_1_558' title='bbox 219 2750 255 2785; x_wconf 91' lang='lat' dir='ltr'>C.</span> <span class='ocrx_word' id='word_1_559' title='bbox 279 2757 466 2786; x_wconf 87' lang='lat' dir='ltr'>montanae</span> <span class='ocrx_word' id='word_1_560' title='bbox 491 2754 630 2797; x_wconf 90' lang='lat' dir='ltr'>typicae</span> <span class='ocrx_word' id='word_1_561' title='bbox 656 2754 919 2800; x_wconf 87' lang='lat' dir='ltr'>angustifoliae,</span> <span class='ocrx_word' id='word_1_562' title='bbox 954 2759 1014 2789; x_wconf 88' lang='lat' dir='ltr'>aut</span> <span class='ocrx_word' id='word_1_563' title='bbox 1045 2755 1206 2790; x_wconf 91' lang='lat' dir='ltr'>caulibus</span> <span class='ocrx_word' id='word_1_564' title='bbox 1230 2753 1480 2798; x_wconf 87' lang='lat' dir='ltr'>angustissime</span> <span class='ocrx_word' id='word_1_565' title='bbox 1506 2752 1622 2787; x_wconf 70' lang='lat' dir='ltr'>alatis.</span> <span class='ocrx_word' id='word_1_566' title='bbox 1670 2752 1875 2797; x_wconf 88' lang='lat' dir='ltr'>Longitudo</span> 
     </span>
     <span class='ocr_line' id='line_1_57' title="bbox 217 2797 1877 2845; baseline 0.004 -15"><span class='ocrx_word' id='word_1_567' title='bbox 217 2797 353 2831; x_wconf 90' lang='lat' dir='ltr'>alarum</span> <span class='ocrx_word' id='word_1_568' title='bbox 377 2797 539 2832; x_wconf 88' lang='lat' dir='ltr'>foliorum</span> <span class='ocrx_word' id='word_1_569' title='bbox 563 2800 782 2835; x_wconf 87' lang='lat' dir='ltr'>caulinorum</span> <span class='ocrx_word' id='word_1_570' title='bbox 807 2801 946 2836; x_wconf 88' lang='lat' dir='ltr'>diversa</span> <span class='ocrx_word' id='word_1_571' title='bbox 970 2801 1075 2845; x_wconf 89' lang='lat' dir='ltr'>pauci</span> <span class='ocrx_word' id='word_1_572' title='bbox 1099 2801 1188 2835; x_wconf 91' lang='lat' dir='ltr'>mihi</span> <span class='ocrx_word' id='word_1_573' title='bbox 1203 2800 1343 2835; x_wconf 88' lang='lat' dir='ltr'>videtur</span> <span class='ocrx_word' id='word_1_574' title='bbox 1360 2799 1538 2834; x_wconf 88' lang='lat' dir='ltr'>momenti.</span> <span class='ocrx_word' id='word_1_575' title='bbox 1576 2797 1671 2840; x_wconf 79' lang='lat' dir='ltr'>Quas</span> <span class='ocrx_word' id='word_1_576' title='bbox 1689 2800 1732 2834; x_wconf 91' lang='lat' dir='ltr'>ob</span> <span class='ocrx_word' id='word_1_577' title='bbox 1750 2811 1877 2836; x_wconf 84' lang='lat' dir='ltr'>causas</span> 
     </span>
     <span class='ocr_line' id='line_1_58' title="bbox 217 2843 1876 2891; baseline 0.002 -14"><span class='ocrx_word' id='word_1_578' title='bbox 217 2843 348 2878; x_wconf 87' lang='lat' dir='ltr'>formas</span> <span class='ocrx_word' id='word_1_579' title='bbox 371 2843 452 2879; x_wconf 90' lang='lat' dir='ltr'>illas</span> <span class='ocrx_word' id='word_1_580' title='bbox 477 2847 653 2881; x_wconf 87' lang='lat' dir='ltr'>australes</span> <span class='ocrx_word' id='word_1_581' title='bbox 679 2848 814 2890; x_wconf 90' lang='lat' dir='ltr'>species</span> <span class='ocrx_word' id='word_1_582' title='bbox 841 2847 953 2882; x_wconf 90' lang='lat' dir='ltr'>dictas</span> <span class='ocrx_word' id='word_1_583' title='bbox 978 2847 1220 2882; x_wconf 87' lang='lat' dir='ltr'>botanicorum</span> <span class='ocrx_word' id='word_1_584' title='bbox 1243 2845 1505 2891; x_wconf 90' lang='lat' dir='ltr'>hispanicorum</span> <span class='ocrx_word' id='word_1_585' title='bbox 1522 2844 1800 2890; x_wconf 88' lang='lat' dir='ltr'>gallicorumque</span> <span class='ocrx_word' id='word_1_586' title='bbox 1817 2847 1876 2881; x_wconf 93' lang='lat' dir='ltr'>ob-</span> 
     </span>
     <span class='ocr_line' id='line_1_59' title="bbox 217 2889 1063 2934; baseline 0.006 -11"><span class='ocrx_word' id='word_1_587' title='bbox 217 2889 473 2924; x_wconf 88' lang='lat' dir='ltr'>servationibus</span> <span class='ocrx_word' id='word_1_588' title='bbox 499 2901 604 2934; x_wconf 88' lang='lat' dir='ltr'>quam</span> <span class='ocrx_word' id='word_1_589' title='bbox 628 2895 778 2928; x_wconf 85' lang='lat' dir='ltr'>maxime</span> <span class='ocrx_word' id='word_1_590' title='bbox 806 2893 1063 2928; x_wconf 66' lang='lat' dir='ltr'>recommendo</span> 
     </span>
    </p>
   </div>
   <div class='ocr_carea' id='block_1_5' title="bbox 221 2959 1876 3007">
    <p class='ocr_par' dir='ltr' id='par_1_13' title="bbox 221 2959 1876 3007">
     <span class='ocr_line' id='line_1_60' title="bbox 221 2959 1876 3007; baseline 0.002 -15"><span class='ocrx_word' id='word_1_591' title='bbox 221 2961 316 2993; x_wconf 82' lang='lat' dir='ltr'>Sect.</span> <span class='ocrx_word' id='word_1_592' title='bbox 345 2961 386 2993; x_wconf 88' lang='lat' dir='ltr'>X.</span> <span class='ocrx_word' id='word_1_593' title='bbox 437 2961 724 2994; x_wconf 77' lang='lat' dir='ltr'>Melanoloma</span> <span class='ocrx_word' id='word_1_594' title='bbox 750 2961 859 2996; x_wconf 79' lang='lat' dir='ltr'>CASS.</span> <span class='ocrx_word' id='word_1_595' title='bbox 897 2962 919 2997; x_wconf 89' lang='lat' dir='ltr'>l.</span> <span class='ocrx_word' id='word_1_596' title='bbox 947 2973 975 2997; x_wconf 93' lang='lat' dir='ltr'>c.</span> <span class='ocrx_word' id='word_1_597' title='bbox 1002 2963 1046 2996; x_wconf 86' lang='lat'>29</span> <span class='ocrx_word' id='word_1_598' title='bbox 1103 2974 1136 3007; x_wconf 90' lang='lat' dir='ltr'>p.</span> <span class='ocrx_word' id='word_1_599' title='bbox 1162 2963 1241 2996; x_wconf 83' lang='lat'>472.</span> <span class='ocrx_word' id='word_1_600' title='bbox 1277 2960 1348 2995; x_wconf 88' lang='lat' dir='ltr'>DC.</span> <span class='ocrx_word' id='word_1_601' title='bbox 1385 2959 1408 2994; x_wconf 95' lang='grc'>1.</span> <span class='ocrx_word' id='word_1_602' title='bbox 1441 2971 1468 2994; x_wconf 90' lang='lat' dir='ltr'>c.</span> <span class='ocrx_word' id='word_1_603' title='bbox 1507 2971 1539 3004; x_wconf 93' lang='lat' dir='ltr'>p.</span> <span class='ocrx_word' id='word_1_604' title='bbox 1567 2961 1652 2995; x_wconf 87' lang='grc'><strong>5771</strong></span> <span class='ocrx_word' id='word_1_605' title='bbox 1703 2960 1876 3005; x_wconf 77' lang='lat' dir='ltr'>squamae</span> 
     </span>
    </p>
   </div>
   <div class='ocr_carea' id='block_1_6' title="bbox 379 2991 1878 3053">
    <p class='ocr_par' dir='ltr' id='par_1_14' title="bbox 379 2991 1878 3053">
     <span class='ocr_line' id='line_1_61' title="bbox 379 2991 1878 3053; baseline 0.002 -15"><span class='ocrx_word' id='word_1_606' title='bbox 379 3004 539 3040; x_wconf 87' lang='lat' dir='ltr'>anthodii</span> <span class='ocrx_word' id='word_1_607' title='bbox 563 3006 654 3040; x_wconf 90' lang='lat' dir='ltr'>ovati</span> <span class='ocrx_word' id='word_1_608' title='bbox 678 3007 913 3053; x_wconf 88' lang='lat' dir='ltr'>lanceolatae,</span> <span class='ocrx_word' id='word_1_609' title='bbox 946 2991 1152 3044; x_wconf 61' lang='lat' dir='ltr'>membrana</span> <span class='ocrx_word' id='word_1_610' title='bbox 1176 3009 1278 3051; x_wconf 84' lang='lat' dir='ltr'>nigra</span> <span class='ocrx_word' id='word_1_611' title='bbox 1302 3007 1473 3042; x_wconf 88' lang='lat' dir='ltr'>suberosa</span> <span class='ocrx_word' id='word_1_612' title='bbox 1504 3007 1744 3053; x_wconf 85' lang='lat' dir='ltr'>marginatae,</span> <span class='ocrx_word' id='word_1_613' title='bbox 1777 3008 1878 3052; x_wconf 89' lang='lat' dir='ltr'>apice</span> 
     </span>
    </p>
   </div>
  </div>
 </body>
</html>
