1947 3296
942 120 1041 166 408

148 252 380 294 lateralibus
412 247 607 303 ligulatis,
650 243 781 286 medio
819 243 1042 296 spathulato
1075 241 1272 293 longiore.
1335 237 1622 278 Connectivum
1655 233 1846 275 antherae

147 312 402 352 umbonatum
436 310 665 361 angustum,
699 302 842 343 loculis
874 301 1062 353 utrinque
1099 299 1289 338 deorsum
1324 295 1469 335 versis.
1509 293 1673 346 Reliqua
1697 293 1846 345 Thymi.

239 389 342 424 2259.
391 389 433 422 C.
461 387 675 426 capitatus
701 381 826 415 RCHB.
852 379 920 414 Fil.
947 379 969 413 1.
996 390 1046 421 c.,
1072 377 1120 411 Ic.
1145 376 1169 410 l.
1195 387 1223 409 e.
1249 380 1274 410 t.
1294 375 1358 416 70,
1391 373 1415 409 f.
1440 373 1498 409 II!
1550 372 1728 418 (Satureja
1753 371 1849 416 capi-

146 442 222 474 tata
245 436 286 471 L.
313 433 394 470 Coti.
428 444 460 468 n.
483 432 612 471 41601,
648 428 807 473 Thymus
831 426 1008 470 capitatus
1034 423 1189 458 HFFGG.
1216 421 1287 456 LK.
1313 421 1370 456 Fl.
1397 426 1487 466 port.
1514 420 1542 460 Ι,
1568 432 1601 464 p.
1630 421 1713 464 123,
1753 419 1849 454 ΒΤΠ.

147 486 170 520 1.
202 495 230 519 c.
264 495 298 528 p.
326 483 411 516 204!
462 479 528 514 Th.
555 476 705 513 creticus
731 475 854 508 BROT.
881 472 986 516 Phyt.
1013 471 1078 506 lus.
1110 476 1134 505 t.
1162 471 1222 504 12!
1273 468 1456 513 Thymbra
1482 466 1642 512 capitata
1666 465 1849 511 GRISEB.;

149 531 326 577 Thymum
350 526 547 571 legitimum
573 524 685 557 CLUS.
711 521 803 555 Hist.
829 519 857 561 I,
883 531 916 563 p.
937 519 1021 553 357!
1072 517 1248 561 Thymum
1274 514 1445 550 creticum
1469 514 1630 549 incanum
1656 513 1850 558 capitatum

150 579 278 613 BARR.
303 575 351 610 Ic.
378 574 478 617 8971)
527 571 705 605 Sutl'rutex
730 565 992 601 ramosissimus
1017 569 1156 599 erectus
1182 561 1378 607 caespitem
1404 562 1519 596 3-8“
1543 561 1604 596 alt.
1639 561 1759 595 laxum
1784 560 1853 595 for-

152 634 250 660 mans
302 622 408 657 ramis
438 617 604 655 floriferis
634 613 840 650 tomentosis
865 611 1075 655 fastigiatis3
1113 610 1211 645 foliis
1237 609 1439 651 sessilibus,
1465 608 1614 651 crassis,
1639 608 1764 643 crebre
1791 608 1852 641 im-

151 652 533 718 1›ress‹’>-gla11dulosis,
567 661 757 697 linearibus
790 659 921 700 acutis,
955 668 1064 703 supra
1094 656 1259 692 convexis
1284 662 1320 690 et
1345 665 1450 691 nervo
1474 654 1590 689 medio
1616 664 1738 690 crasso
1763 654 1851 689 cari-

152 718 244 754 natis
257 745 264 757 ,
291 715 422 759 glabris
447 718 507 748 aut
531 709 672 752 ciliatis,
694 705 896 751 junioribus
914 705 950 739 in
966 704 1085 740 axillis
1103 703 1211 738 dense
1230 702 1470 745 fasciculatis;
1497 700 1665 747 capitulis
1683 701 1854 745 oblongis,

152 765 248 801 soliis
272 762 452 798 floralibus
477 759 583 793 dense
609 754 813 793 imbricatis,
838 752 951 789 ovatis
976 751 1107 787 ciliatis
1133 750 1309 794 dorsoque
1341 748 1623 789 hirsutiusculis,
1658 758 1766 793 saepe
1791 759 1853 783 co-

154 811 295 854 loratis;
321 807 451 843 corolla
476 814 577 839 rosea
602 801 721 846 calyce
747 799 852 844 triplo
878 799 1048 842 longiore.
1074 798 1157 833 tubo
1183 802 1324 832 exserto
1348 796 1433 831 folia
1457 794 1598 830 floralia
1623 800 1808 840 aequante.

247 857 289 890 In
313 853 462 889 collibus
488 849 699 892 ericetisque
725 846 828 882 siccis
852 845 1009 889 regionis
1036 846 1136 879 infer.
1162 843 1358 889 Hispaniae
1383 843 1567 878 australis:
1594 843 1629 877 in
1653 853 1760 886 regno
1785 841 1855 876 Va-

198 905 283 939 lent.
308 906 417 936 austr.
451 898 529 937 (int.
556 895 720 930 Alicante
758 899 794 928 et
831 893 964 938 Elche,
995 891 1130 935 LAG.),
1162 891 1274 926 Mure.
1300 890 1518 933 (ROSSMAE),
1551 889 1697 924 Granat.
1723 889 1854 933 (SALV.

201 961 268 986 sec.
295 948 428 982 CSTA..
455 956 483 979 c.
509 942 645 984 Metril,
671 941 827 984 Malaga,
852 941 950 982 Bss.,
977 938 1084 982 WK.‚
1111 938 1309 983 Estepona.
1335 937 1433 978 BSS.,
1459 937 1660 981 Yunquera,
1686 936 1855 980 PROL.!),

201 998 297 1031 Baet.
325 992 464 1038 (abund.
493 990 618 1032 WBB.,
643 989 679 1022 in
705 999 801 1032 prov.
827 987 946 1022 Gadit.
973 986 1045 1021 Isla
1068 986 1111 1020 de
1136 985 1251 1027 Leon,
1277 984 1428 1020 RODR.!
1463 985 1525 1018 int.
1552 983 1859 1018 Medma-Sidonia

202 1049 237 1080 et
261 1042 374 1076 Arcos
400 1038 508 1078 WK,
544 1049 573 1071 c.
599 1035 748 1079 Sevilla,
786 1034 961 1078 Cordova,
999 1033 1058 1067 hb.
1084 1033 1246 1073 BOUT.!,
1282 1031 1408 1075 ΕΘΗ).
1452 1052 1468 1055 ψ
1508 1036 1532 1068 ῒ)
1557 1030 1857 1066 Jun.—N0vemb.

203 1095 248 1129 (v.
274 1090 335 1126 VJ.
388 1084 560 1120 »Tomillo
586 1082 770 1117 andaluz«.

248 1128 338 1170 Hal).
357 1133 392 1168 in
407 1132 534 1175 Lusit.,
559 1129 683 1165 Africa
705 1127 853 1172 boreali,
877 1128 1029 1172 Balear.,
1053 1125 1161 1171 Sieil„
1186 1135 1295 1168 regno
1312 1124 1476 1170 Neapol.,
1500 1124 1638 1169 Graec,
1665 1123 1859 1169 A1·chipel.,

203 1183 290 1218 Asia
314 1181 407 1223 min,
433 1178 547 1224 Syria,
572 1175 787 1211 Palaestina.

760 1280 931 1320 Species
956 1278 1237 1318 inquirendae
1251 1286 1260 1311 ε

161 1371 406 1414 Oriyanum
431 1365 561 1398 hir-tu
572 1374 605 1396 m
630 1360 724 1403 LK,
760 1359 857 1396 BTH.
884 1359 906 1395 1.
932 1370 960 1395 c.
997 1372 1030 1405 p.
1059 1359 1145 1395 194!
1172 1378 1214 1383 —
1240 1357 1284 1392 In
1308 1357 1474 1402 Algeria,
1507 1357 1659 1393 fortasse
1690 1357 1725 1391 in
1751 1367 1860 1401 regno

368 1411 514 1446 Granat.
540 1420 570 1445 v.
595 1407 754 1443 Baetica.

253 1481 297 1487 -
372 1458 602 1499 majorica
614 1468 647 1489 m
673 1455 893 1495 CAifflEss.;
931 1452 1027 1486 BTH.
1055 1452 1076 1486 l.
1103 1463 1133 1487 c.
1160 1450 1212 1496 (0.
1239 1450 1458 1486 balearicum
1484 1450 1670 1485 Poena?
1693 1450 1736 1485 cf.
1763 1449 1862 1485 Len.

366 1506 451 1548 Pug.
479 1513 511 1548 p·
533 1503 640 1547 1711).
666 1521 711 1526 -—
735 1501 777 1535 In
801 1499 926 1536 insulis
950 1499 1172 1541 Balearibus,
1199 1497 1350 1534 fortasse
1377 1499 1411 1532 in
1435 1507 1542 1541 regno
1568 1497 1770 1532 Valentino.

166 1571 297 1611 Thym
312 1577 360 1599 us
389 1561 723 1605 (Mustichina)
761 1560 1059 1593 ll⁷elwilscltii
1084 1557 1169 1591 BSS.
1196 1556 1322 1600 Diagn.
1348 1556 1396 1601 pl.
1423 1556 1549 1591 orient.
1576 1555 1624 1600 ΙΙ,
1649 1558 1670 1590 4
1695 1568 1730 1601 p.
1749 1558 1793 1591 9!
1820 1575 1864 1580 --

371 1610 413 1644 In
437 1608 631 1653 Algarbiis,
655 1606 888 1652 probabiliter
913 1605 949 1639 in
974 1604 1123 1639 Baetica
1149 1603 1310 1638 australi.

255 1690 296 1694 —-
373 1667 710 1710 [Mastia-Mna)
753 1664 1031 1698 Pomone-sii
1068 1662 1154 1696 Bss.
1179 1661 1305 1696 REUT.
1330 1661 1418 1705 Pug.
1453 1673 1486 1706 p.
1514 1662 1576 1697 95!
1603 1681 1647 1686 —
1680 1661 1720 1696 In
1758 1671 1866 1705 regno

371 1714 586 1749 Mai-occano
611 1717 647 1747 et
671 1711 828 1755 Algeria,
853 1710 1004 1746 fortasse
1029 1709 1064 1743 in
1087 1708 1245 1743 Baetica.

258 1783 300 1789 —
375 1760 738 1803 [Mustio-ninam
767 1759 1075 1802 capitulatus·
1101 1755 1256 1790 HFFGG.
1281 1754 1354 1789 LK.
1385 1753 1440 1790 Fl.
1475 1760 1567 1800 port.
1602 1759 1627 1789 t.
1656 1755 1710 1791 12.
1747 1774 1792 1779 —-
1827 1754 1868 1788 In

371 1807 532 1842 Lusitan.
558 1805 781 1850 australiore,
807 1803 960 1839 fortasse
985 1803 1021 1837 in
1045 1802 1201 1838 Baetica.

260 1887 294 1891 -
378 1866 581 1909 (zyqis)
613 1874 841 1898 carnosus
865 1862 951 1896 Bss.
968 1861 1056 1906 Voy.
1083 1860 1170 1906 Esp.
1196 1872 1228 1906 p.
1247 1861 1328 1905 490,
1354 1864 1378 1895 t.
1400 1860 1477 1903 139,
1503 1859 1525 1894 f.
1543 1859 1591 1895 B!
1618 1879 1662 1885 —-
1688 1859 1730 1895 In
1753 1858 1868 1895 Lusit.

373 1910 500 1954 media,
526 1910 678 1946 fortasse
703 1910 740 1944 in
763 1909 920 1944 Baetica.

263 1979 304 1985 --
379 1959 583 2002 (Zyyis)
612 1958 904 2002 acqeriensis
928 1955 1015 1989 BSS.
1040 1954 1166 1989 REUT.
1201 1953 1287 1998 Pug.
1320 1966 1353 1999 p.
1377 1954 1438 1989 95!
1466 1973 1509 1978 -
1536 1952 1578 1987 In
1603 1952 1766 1997 Algeria,
1800 1952 1871 1987 for-

378 2012 473 2040 tasse
499 2004 534 2038 in
560 2014 667 2047 regno
692 2003 851 2038 Murcico
877 2008 938 2038 aut
951 2002 1175 2037 Granatensi.

263 2072 305 2077 --
381 2053 702 2095 (serpyllum)
731 2053 1018 2084 lanceolata-s·
1043 2048 1165 2090 DESF,
1190 2048 1245 2083 Fl.
1274 2047 1335 2083 atl.
1362 2052 1386 2082 t.
1408 2047 1493 2082 1281
1519 2046 1616 2080 ΒΤΗ.
1643 2047 1710 2081 1.(3.
1735 2047 1871 2092 p.203!

385 2118 422 2122 -
452 2097 491 2131 In
516 2097 701 2143 Barbaria,
726 2097 876 2133 fortasse
901 2096 937 2131 in
960 2095 1118 2131 Baetica.

267 2176 309 2181 —
386 2155 712 2198 (serpyllum)
742 2156 947 2189 villosus
972 2153 1025 2198 L„
1050 2153 1148 2188 BTH.
1175 2153 1198 2188 l.
1224 2164 1252 2188 c.
1279 2164 1310 2197 p.
1331 2153 1418 2188 204!
1445 2152 1527 2196 (Th.
1553 2151 1760 2186 lusitanicus
1788 2151 1872 2187 BSS.

378 2201 560 2282 Vopubpt.
588 2200 676 2247 Esp.
703 2207 725 2237 t.
746 2202 824 2245 159,
850 2201 872 2236 f.
891 2201 955 2244 Al)
981 2220 1025 2226 —
1051 2201 1092 2235 In
1117 2200 1242 2243 Lusit„
1268 2199 1344 2235 sine
1369 2199 1475 2234 dubio
1499 2199 1535 2233 in
1559 2199 1661 2234 Baet.
1686 2210 1716 2233 V.
1744 2198 1873 2235 Extre-

265 2315 307 2321 —
379 2259 706 2375 ξξιῖίηῑινιῇῃίΙιιηι]
735 2297 911 2329 inbutus
935 2294 1049 2338 VOG.,
1075 2294 1171 2329 BTH.
1198 2293 1220 2328 l.
1243 2303 1272 2327 c.
1298 2312 1343 2318 —-
1369 2292 1411 2327 In
1435 2292 1638 2332 Lusitania,
1663 2291 1815 2328 fortasse
1840 2292 1874 2327 in

266 2409 308 2414 —
385 2347 705 2432 (geetffizyllum)
734 2390 972 2421 coloratus
997 2388 1082 2422 BSS.
1109 2386 1234 2422 REU'r.
1259 2386 1346 2430 Pug.
1373 2398 1406 2432 p.
1425 2387 1488 2421 96!
1518 2405 1559 2409 —
1585 2385 1621 2419 in
1646 2384 1875 2430 Mauritania,

380 2434 532 2470 fortasse
557 2434 593 2468 in
617 2444 725 2477 regno
750 2434 977 2469 Granatensi.

268 2512 310 2516 —
387 2493 838 2534 (l’.s·endoehymbra)
874 2493 1076 2526 vitiatus
1101 2493 1197 2526 ΒΤΠ.
1229 2491 1252 2526 l.
1287 2502 1315 2525 c.
1349 2503 1384 2536 p.
1410 2491 1495 2525 205!
1523 2509 1567 2514 --
1598 2490 1640 2525 In
1665 2499 1772 2533 regno
1797 2489 1877 2524 Ma·

380 2548 539 2577 roccano,
565 2537 720 2574 fortasse
746 2538 782 2571 in
807 2538 964 2573 Baetica.

270 2604 309 2607 —
385 2585 829 2628 (I’Seudotltymbra)
875 2586 1210 2618 nron.s·sonetii
1245 2584 1332 2618 BSS.
1365 2583 1453 2627 Voy.
1485 2583 1572 2628 Esp.
1604 2588 1628 2618 t.
1656 2585 1737 2618 141!
1766 2603 1805 2607 —
1835 2583 1876 2617 In

386 2641 491 2673 regno
516 2631 670 2665 Marocc.
698 2631 874 2674 orientali,
898 2632 1050 2666 fortasse
1075 2631 1111 2665 in
1135 2631 1280 2666 Baetica
1303 2630 1462 2665 australi,

271 2707 313 2711 *-
385 2691 700 2732 cayna-biensis
733 2688 830 2725 LGE.
866 2690 952 2732 Pug.
991 2701 1024 2734 p.
1057 2691 1140 2724 171!
1189 2688 1273 2729 (Th.
1299 2689 1457 2723 albicans
1490 2687 1600 2722 COSS.
1632 2698 1687 2731 ap.
1721 2687 1876 2723 BOURG.

384 2733 436 2785 1³1.
467 2744 539 2768 exs.
568 2737 672 2776 1852,
707 2747 738 2769 n⁴
771 2737 876 2772 1982!
903 2747 970 2770 non
996 2736 1151 2771 Ilurco.
1179 2736 1276 2779 LK).
1304 2756 1347 2760 ——
1374 2735 1415 2769 In
1439 2734 1637 2778 Algarbiis,
1671 2733 1745 2768 sine
1771 2733 1876 2769 dubio

386 2790 421 2831 ¹.¹¹
444 2779 589 2815 Baetica
613 2782 967 2817 austro-occidentali.
987 2803 1031 2808 —
1049 2783 1147 2818 Ilaec
1169 2782 1307 2828 species
1328 2781 1474 2825 insignis
1493 2781 1682 2816 sectionem
1700 2781 1879 2825 propriam

389 2831 481 2860 mter
505 2827 668 2871 Serpylla
692 2834 727 2863 et
752 2829 1078 2874 Pseudothymbras
1110 2828 1351 2865 collocandam
1376 2834 1411 2863 et
1434 2828 1587 2863 fortasse
1612 2827 1751 2861 nomine
1779 2830 1877 2862 Pla-

390 2875 572 2924 tylepis
616 2876 886 2920 nuncupandam
926 2877 1117 2912 constituat
1153 2886 1297 2911 necesse
1334 2875 1482 2909 videtur.
1546 2874 1668 2908 Utrum
1706 2873 1750 2908 ad
1789 2873 1880 2909 lianc

389 2924 577 2970 sectionem
601 2930 723 2955 novam
749 2922 855 2957 etiam
883 2926 952 2957 ἸἸι.
979 2926 1184 2958 albicans·
1209 2923 1363 2956 HFFGG.
1389 2921 1460 2955 LK.
1484 2920 1505 2954 l.
1524 2932 1553 2955 c.
1580 2925 1603 2955 t.
1626 2922 1663 2954 11
1692 2920 1878 2955 referenda

391 2971 446 3007 sit,
471 2976 590 3010 necne,
616 2968 743 3003 nescio.
793 2969 890 3010 Quae
917 2969 1053 3015 specics
1079 2970 1215 3014 pariter
1244 2970 1279 3003 in
1304 2968 1452 3003 Baetica
1475 2966 1686 3011 inquirenda
1710 2967 1787 3002 erit.
