1947 3296
953 89 1047 133 552

151 206 492 250 ovato-subglobosa,
518 207 653 249 obtusa,
677 213 903 253 mucronata3
937 208 1130 244 seminibus
1154 214 1193 245 ut
1216 209 1252 243 in
1277 209 1311 244 S.
1337 210 1480 256 nodosa,
1505 210 1567 246 sed
1592 212 1700 247 costis
1724 213 1843 248 tuber-

153 254 291 295 culatis,
316 260 516 289 transverse
541 253 843 298 sulcato-rugosis.

273 313 303 346 1.
329 311 484 356 major!
509 311 556 357 (S.
582 312 779 347 auriculata
804 312 901 348 LGE.
920 313 1005 357 Pug.
1025 314 1055 357 3,
1082 325 1115 358 p.
1134 314 1202 347 200
1227 314 1275 357 (et
1291 312 1337 358 pl.
1355 315 1481 355 autt.)!
1510 314 1611 350 caule
1635 315 1845 362 robustiore,

156 357 249 394 foliis
282 358 465 404 puberulis
491 359 540 403 (a.
565 359 824 404 pubescens
850 360 948 395 LGE.
974 360 996 394 l.
1023 370 1065 401 e..
1091 359 1123 394 S.
1150 359 1348 395 auriculata
1371 360 1466 395 BTH.
1492 359 1528 395 in
1553 361 1624 398 DC.
1649 362 1786 406 Prodr.)
1819 375 1851 398 v.

157 405 289 450 glabris
315 406 366 450 (β.
391 405 598 450 glabrata
622 406 719 440 LGE.
744 406 766 441 1.
782 417 822 451 c.,
848 406 881 441 S.
900 406 1048 441 Balbisii
1071 406 1203 441 HORN.
1230 406 1321 442 hort.
1347 407 1451 442 haun.
1476 419 1508 452 p.
1525 409 1610 444 577!
1647 414 1681 444 et
1707 409 1838 454 herb.!)

156 453 275 506 typice
300 452 516 534 apriculatis.
540 453 714 488 interdum
739 453 1136 498 lyrato-pinnatisectis3
1162 452 1294 498 calycis
1312 455 1502 497 segmentis
1518 439 1850 503 fimbriato-laceris:

158 505 306 535 stammo
333 511 366 534 10
390 505 545 535 oiovato.

279 559 310 592 2.
347 557 504 592 minor!
537 557 585 597 (S.
616 557 780 601 aquatica
811 556 851 591 L.
884 556 965 592 Cod.
997 559 1117 593 4482?
1141 558 1199 603 [ex
1232 570 1284 604 p.,
1309 559 1397 595 excl.
1424 570 1498 604 syn.
1525 560 1616 606 cit.],
1641 560 1746 605 Engl.
1771 561 1850 597 Bot.

163 604 235 640 tab.
252 605 336 640 854!
363 603 488 639 RCHB.
513 604 554 638 ic.
581 604 658 648 XX,
684 603 754 638 tab.
782 605 844 639 52!
871 609 906 638 et
930 604 976 649 pl.
1003 610 1102 648 autt.,
1128 605 1161 640 S.
1186 605 1337 641 Balbisii
1362 605 1449 641 WK.
1476 606 1565 643 Sert.
1591 619 1623 652 p.
1644 610 1726 644 1121
1752 608 1850 643 LGE.

161 651 247 695 Pug.
274 653 311 697 3,
337 653 420 686 200!
459 651 628 685 Betonica
657 650 820 694 aquatica
849 652 1179 695 septentrionalium
1214 651 1310 688 LOB.
1345 653 1386 688 ic.
1413 654 1509 697 5332)
1541 654 1636 690 foliis
1660 655 1777 700 typice
1802 655 1853 690 in-

161 699 282 743 tegris,
308 698 423 733 rarius
448 696 957 743 auriculato-appendiculatis,
981 699 1091 744 cymis
1115 699 1226 742 magis
1243 699 1424 734 evidenter
1440 700 1697 747 pedunculatis‚
1722 701 1854 748 calycis

164 745 352 788 segmentis
378 744 490 779 minus
514 743 652 787 laceris,
678 743 888 779 staminodio
913 750 1112 781 transverse
1137 745 1229 781 ovali
1252 758 1282 781 v.
1308 747 1508 782 orbiculari.

304 814 338 836 α.
371 802 548 845 glabra!
574 806 648 836 tota
671 801 804 846 planta,
829 801 1012 846 pedicellis
1036 803 1205 848 exceptis,
1231 804 1455 847 glaberrima.

304 850 340 891 β.
375 848 639 893 pubescens!
665 849 766 883 caule
792 849 927 884 inferne
953 850 1152 894 paginaque
1176 850 1340 886 foliorum
1365 850 1531 887 inferiore
1555 851 1747 896 puberulis.

282 906 322 940 ln
347 906 432 942 locis
457 906 612 941 humidis
635 918 664 941 v.
691 917 719 941 c.
745 906 788 941 ad
812 906 945 951 fontes,
978 907 1167 942 rivulorum
1192 914 1228 943 et
1251 908 1434 944 fluviorum
1459 909 1647 953 margines.
1671 909 1753 944 hinc
1776 908 1858 944 inde

211 963 274 998 per
298 957 407 988 totam
432 952 656 998 Hispaniam:
681 953 794 988 forma
817 954 942 998 imagis
978 955 1014 989 in
1047 966 1141 999 prov.
1167 955 1448 996 australioribus,
1473 957 1505 991 2.
1530 968 1566 990 a.
1592 956 1628 990 in
1651 955 1860 1001 septentrio-

210 1000 359 1045 nalibus,
382 1002 420 1043 β.
446 1010 541 1035 raro:
568 1000 732 1036 Cantabr.
756 1000 908 1045 <Bilbao,
933 1000 1078 1041 LGE.!).

282 1055 385 1090 Hah.
410 1056 445 1090 in
469 1055 616 1101 Europa
638 1056 755 1092 media
773 1060 826 1093 ί2)
851 1069 872 1092 a
889 1058 1081 1094 Germania
1104 1059 1264 1103 centrali‚
1289 1059 1420 1104 Belgio,
1448 1059 1578 1104 Anglia
1601 1070 1666 1105 per
1691 1058 1856 1105 Galliam,

212 1102 355 1138 Italiam
379 1108 415 1138 et
434 1108 546 1138 totam
570 1105 747 1147 regionem
771 1105 1066 1141 mediterraneam
1092 1107 1155 1151 (l).

282 1160 458 1196 Observ.
506 1161 736 1198 Differentias
767 1162 984 1198 sufficientes
1015 1169 1051 1199 et
1080 1166 1438 1199 revera‘constantes
1461 1164 1554 1199 inter
1578 1164 1611 1199 S.
1636 1163 1856 1198 auricula-

215 1212 296 1243 tam
320 1207 360 1241 L.
399 1213 435 1243 et
471 1207 504 1242 S.
530 1209 794 1252 aquaticam
832 1210 1061 1255 plurimorum
1097 1217 1261 1247 autorum
1294 1211 1340 1255 (S.
1365 1211 1514 1246 Balbisii
1547 1211 1686 1246 nomine
1711 1219 1859 1255 quoque,

214 1254 276 1289 sed
300 1255 414 1290 minus
438 1261 535 1290 recte
559 1255 796 1299 designatam)
820 1257 977 1292 invenire
1001 1268 1152 1302 neque0;
1177 1258 1311 1293 formae
1332 1257 1563 1293 intermediae
1581 1263 1765 1301 utramque
1782 1268 1862 1292 con-

211 1302 374 1346 jungunt,
399 1302 450 1336 ita
473 1306 511 1337 ut
534 1312 639 1347 saepe
666 1303 808 1338 difficile
833 1305 893 1349 sit,
923 1309 1056 1339 certam
1093 1304 1242 1340 formam
1276 1305 1322 1339 ad
1346 1310 1469 1351 typum
1493 1315 1594 1340 suum
1617 1309 1692 1340 tute
1718 1304 1863 1339 referre.

215 1348 345 1383 Forma
368 1348 538 1384 australis
562 1350 740 1385 robustior
765 1350 812 1395 (1)
838 1351 955 1396 typice
979 1351 1074 1386 foliis
1097 1353 1208 1395 magis
1233 1351 1353 1387 divisis
1378 1351 1518 1395 gaudet,
1542 1351 1632 1386 haec
1656 1361 1768 1396 aeque
1792 1351 1866 1385 fre-

217 1405 327 1440 quens
350 1395 545 1440 pubescens
569 1397 721 1432 occurrit
745 1408 849 1441 quam
874 1397 1015 1442 glabra;
1042 1398 1153 1434 forma
1169 1409 1250 1433 vero
1269 1398 1556 1443 septentrionalis
1575 1399 1622 1443 (2)
1647 1408 1754 1442 saepe
1770 1397 1864 1432 foliis

217 1442 364 1486 integris
390 1442 580 1489 instructa,
606 1444 814 1489 saepissime
839 1445 964 1488 glabra
993 1455 1070 1481 esse
1095 1446 1241 1480 videtur.
1290 1445 1391 1480 Illius
1417 1445 1610 1491 specimina
1632 1445 1760 1480 vestita
1783 1443 1866 1478 Lin-

217 1500 325 1524 naeus
349 1501 413 1533 pro
437 1496 468 1523 S.
493 1490 693 1525 auriculata
717 1501 780 1526 sua
804 1492 996 1536 praecipue
1022 1497 1103 1527 ante
1129 1493 1248 1528 oculos
1273 1492 1440 1528 habuisse
1465 1491 1621 1536 videtur,
1656 1491 1719 1527 sed
1742 1490 1788 1526 ad
1812 1491 1863 1525 lu-

218 1547 294 1571 sum
334 1536 495 1580 glabrum
540 1537 696 1582 ejusdem
737 1538 871 1573 formae
909 1539 984 1583 (nec
1021 1539 1065 1573 ad
1097 1541 1134 1578 2)
1175 1539 1361 1574 manifeste
1402 1539 1556 1584 pertinet
1595 1538 1629 1574 S.
1666 1537 1866 1573 Balbisii

218 1582 409 1618 HORNEM.
446 1583 638 1619 secundum
676 1585 869 1629 specimina
906 1585 941 1619 in
979 1585 1144 1621 herbario
1181 1586 1273 1630 ejus!
1324 1585 1406 1621 Etsi
1436 1585 1630 1630 descriptio
1660 1585 1867 1620 Linnaeana

219 1630 252 1665 S.
276 1630 495 1665 auriculatae
529 1631 678 1675 (»caulis
702 1637 804 1667 acute
829 1634 979 1676 4—gonus
1003 1632 1133 1677 nudus,
1165 1632 1251 1667 folia
1275 1632 1597 1676 cordato-oblonga,
1624 1632 1761 1673 obtusa,
1790 1631 1869 1667 basi

218 1677 490 1722 appendiculata
513 1677 648 1723 [subtus
673 1678 896 1724 tomentosa],
922 1689 1082 1715 racemus
1104 1679 1312 1724 terminalis,
1337 1679 1490 1714 corollae
1514 1689 1713 1724 purpureae
1736 1678 1869 1714 tristio-

219 1734 276 1759 res
301 1723 393 1759 labio
418 1724 575 1759 revoluto
599 1725 928 1768 livido—virescente,
952 1734 1130 1762 ramorum
1153 1726 1241 1761 folia
1258 1731 1380 1762 carent
1396 1726 1603 1765 auriculis«)
1622 1731 1658 1760 et
1676 1735 1871 1771 synonyma

220 1770 329 1813 (LOB.
356 1773 434 1816 533,
459 1771 587 1807 BARR.
615 1774 697 1811 274)
720 1773 795 1807 fere
820 1783 932 1817 aeque
955 1773 1044 1808 bene
1068 1774 1104 1808 in
1128 1778 1312 1818 utramque
1336 1773 1484 1808 formam
1509 1772 1683 1818 applicari
1721 1771 1868 1818 possint,

219 1822 337 1852 tamen
367 1819 411 1853 ob
442 1818 536 1854 locos
562 1820 699 1854 natales
723 1819 878 1860 videtur,
914 1820 1063 1854 formam
1087 1820 1257 1855 minorem
1282 1820 1346 1856 sub
1372 1820 1406 1854 S.
1431 1820 1595 1864 aquatica
1619 1819 1660 1854 L.
1686 1829 1764 1854 esse
1790 1818 1871 1854 sub-

220 1869 389 1909 sumtam,
427 1865 490 1900 sub
524 1877 591 1910 quo
622 1866 760 1901 nomine
793 1872 912 1902 autem
937 1867 1053 1902 LINN.
1079 1867 1325 1912 principaliter
1356 1867 1462 1901 aliam
1496 1865 1666 1912 speciem,
1704 1876 1726 1900 a
1750 1870 1873 1900 nostra

220 1912 307 1946 bene
332 1911 551 1951 distinctam,
588 1913 755 1958 Europae
780 1913 1130 1949 boreali-orientalis
1155 1914 1305 1949 incolam
1330 1913 1377 1954 (S.
1404 1913 1526 1948 Ehrh
1538 1913 1628 1948 arti
1661 1912 1800 1951 STEV.¹
1836 1911 1871 1946 S.

221 1958 341 1993 alata
374 1958 472 2003 GIL.)
507 1959 583 1994 sine
617 1960 722 1995 dubio
748 1960 946 2006 descripsit.
993 1960 1084 1995 Huic
1109 1961 1201 1995 enim
1227 1961 1351 2006 (neque
1381 1960 1543 1995 varietati
1567 1959 1694 1995 minori
1720 1959 1753 1994 S.
1779 1958 1873 1994 auri-

222 2005 373 2049 culatae)
399 2006 559 2042 convenit
582 2006 773 2052 descriptio
797 2006 977 2042 LINNAEI
1002 2007 1149 2052 (»caulis
1174 2007 1386 2042 membranis
1417 2007 1617 2052 angulatus,
1642 2006 1728 2041 folia
1751 2005 1874 2041 decur-

224 2052 337 2086 rentia
361 2052 548 2087 secundum
573 2054 720 2097 angulos
747 2054 855 2090 caulis
879 2055 915 2089 in
939 2055 1179 2089 membranam
1205 2065 1266 2089 seu
1291 2054 1401 2089 aciem
1428 2064 1535 2100 saepe
1561 2053 1804 2094 undulatam«)
1837 2056 1873 2087 et

224 2099 370 2143 insuper
393 2099 460 2133 loci
485 2100 585 2134 citati
612 2100 731 2144 (LOIS.
757 2101 898 2136 Boruss.
929 2103 956 2136 1.
983 2103 1004 2134 7
1008 2103 1038 2145 3,
1066 2101 1220 2136 CAMER.
1244 2101 1328 2146 epit.
1345 2101 1426 2143 867,
1452 2101 1506 2135 Fl.
1531 2100 1610 2135 dan.
1628 2100 1700 2135 tab.
1717 2100 1798 2144 507)
1822 2106 1874 2134 te·

223 2151 381 2228 {tantam
422 2146 456 2181 S.
481 2147 679 2190 aquaticam
704 2148 897 2193 LINNAEI,
931 2147 1046 2192 quoad
1070 2148 1258 2183 maximam
1285 2147 1410 2184 saltem
1435 2153 1592 2193 partem,
1626 2147 1695 2182 huc
1719 2155 1798 2182 esse
1821 2155 1875 2182 re-

240 2202 322 2228 eren
348 2203 415 2227 am.
1414 2207 1417 2209 ·

364 2285 399 2328 b)
433 2285 537 2320 Folia
561 2287 675 2331 typice
700 2286 872 2331 profunde
897 2286 1009 2322 incisa
1032 2298 1062 2321 v.
1086 2287 1323 2331 pinnatisecta
1353 2286 1401 2330 (in
1436 2286 1610 2321 nonnullis
1643 2286 1806 2331 atypice,
1840 2285 1877 2320 in

433 2332 466 2367 S.
492 2332 707 2368 frutescente
732 2333 937 2369 normaliter
960 2334 1098 2377 integra
1115 2333 1284 2376 dentata).
1318 2333 1459 2368 Semina
1483 2333 1619 2378 majora
1642 2343 1746 2377 quam
1770 2332 1807 2366 in
1831 2331 1878 2376 a),

434 2379 623 2425 atrofusca,
648 2380 763 2425 typice
781 2380 1012 2425 planiuscula,
1036 2380 1160 2416 leviter
1177 2380 1415 2416 semilunatim
1432 2386 1586 2424 curvata,
1603 2384 1750 2424 utroque
1766 2379 1878 2414 latere

435 2431 636 2462 transverse
662 2427 986 2472 undulato-rugosa.

534 2496 553 2517 *
586 2495 713 2531 caules
738 2496 918 2541 herbacei,-
943 2498 1076 2532 corolla
1099 2507 1231 2542 mayna
1258 2506 1287 2531 v.
1310 2495 1525 2539 majuscula.

299 2564 400 2598 2635.
449 2567 486 2599 S.
514 2568 805 2601 sambucifolia
829 2566 870 2601 L.
897 2565 978 2601 Cod.
1005 2567 1115 2601 4490!
1154 2565 1225 2600 DC.
1251 2564 1376 2600 Prodr.
1404 2564 1456 2609 X,
1483 2565 1568 2599 306!
1607 2562 1706 2598 LGE.
1732 2563 1820 2606 Pug.
1847 2563 1879 2607 3,

186 2610 268 2644 199!
309 2610 462 2645 BOURG.
489 2622 561 2647 exs.
591 2614 695 2647 1971!
739 2613 786 2658 (S.
810 2613 985 2648 mellifera
1017 2613 1145 2649 BOISS.
1181 2625 1257 2658 voy.
1284 2624 1316 2656 p.
1335 2612 1435 2656 4462)
1484 2611 1666 2654 Robusta,
1701 2609 1879 2655 speciosa3

186 2655 283 2690 caule
309 2663 444 2701 erecto,
471 2660 572 2693 2-3‘
599 2660 637 2704 1.,
673 2661 796 2695 obtuse
822 2660 1084 2705 quadrangulo,
1124 2659 1245 2694 leviter
1270 2659 1461 2704 puberulo3
1503 2657 1599 2693 foliis
1624 2656 1880 2702 pinnatisectis‚

187 2705 374 2745 segmentis
400 2705 604 2742 lanceolatis
629 2719 658 2740 v.
684 2707 978 2752 ovali-ellipticis.
1012 2706 1125 2742 acutis
1150 2718 1179 2740 v.
1205 2705 1356 2747 obtusis,
1381 2703 1552 2750 profunde
1578 2703 1724 2739 serratis
1749 2715 1779 2737 v.
1805 2702 1881 2747 pin-

186 2748 357 2793 natifidis‚
394 2752 569 2786 terminali
605 2753 751 2797 reliquis
786 2755 938 2798 majore,
985 2753 1046 2789 fol.
1077 2753 1319 2798 superioribus
1354 2753 1396 2796 (v.
1431 2751 1589 2786 omnibus
1603 2750 1634 2795 *)
1670 2749 1882 2802 auriculato-

187 2795 343 2831 trisectis
366 2808 395 2830 v.
413 2797 559 2841 integris
585 2800 747 2844 serratis,
773 2799 1036 2836 inflorescentia
1058 2800 1193 2843 foliata,
1218 2801 1412 2844 interrupte
1429 2796 1641 2843 paniculata‚
1666 2806 1776 2842 cymis
1801 2796 1882 2831 sub-

189 2843 388 2888 sessilibus‚
415 2844 635 2890 3—7-floris,
661 2846 843 2892 pedicellis
868 2847 1014 2883 erectis.
1040 2846 1147 2882 dense
1172 2844 1536 2890 glanduloso-pilosis,
1561 2843 1682 2889 calyce
1707 2842 1882 2888 subduplo

261 2948 276 2966 *
317 2950 348 2973 ln
376 2950 584 2981 speciminibus
613 2951 697 2975 cultis
719 2952 787 2976 solia
808 2958 892 2983 saepe
914 2953 1042 2984 integra,
1077 2952 1105 2976 in
1128 2950 1313 2975 silvestribus
1334 2956 1402 2974 vero
1423 2954 1537 2980 semper
1555 2946 1648 2979 magis
1667 2946 1800 2972 minusve
1819 2946 1881 2978 pin-

191 2985 330 3010 natisccta
352 2985 420 3009 vidi.
