1947 3221
1000 97 1058 140 28

180 208 340 243 ‹Cacalia
365 210 485 254 alpina
508 211 655 251 JACQU.
682 213 717 248 C.
744 214 867 257 glabra
886 216 973 257 DC.)
999 217 1127 250 Differt
1151 227 1171 250 a
1196 216 1432 260 praecedente
1458 221 1595 251 statura
1619 216 1752 251 minore
1777 218 1875 251 caule

179 255 327 297 1-—l¹l2‘
347 256 381 296 ].,
407 257 558 302 simplici
583 259 834 304 adscendente,
869 261 1042 307 flexuoso,
1079 263 1172 296 foliis
1198 263 1670 307 reniformi-triangularibus
1696 264 1790 303 (sinu
1813 264 1875 298 ba-

178 302 277 337 silari
302 302 405 345 lato),
439 304 603 349 utrinque
628 306 776 352 glabris,
814 309 936 343 subtus
964 309 1106 353 pallidis
1133 315 1168 343 et
1193 309 1375 352 eleganter
1398 310 1757 355 reticulato-venosis,
1796 310 1876 344 sub-

177 349 375 393 aequaliter
397 356 519 393 argute
545 352 710 387 dentatis.

272 395 313 429 In
339 397 510 440 glareosis
536 399 688 433 humidis
713 400 865 442 regionis
891 400 995 444 alpin.
1021 401 1198 435 inferioris
1224 401 1437 446 Pyrenaeor.
1463 402 1663 445 Aragoniae
1698 402 1748 442 (in
1780 402 1875 437 silvis

223 441 266 476 de
303 442 413 488 Yzas,
448 444 630 479 Soba.etc.
664 448 801 487 Asso).
834 453 868 480 et
900 446 1130 481 Catalauniae
1162 448 1295 488 (Sierra
1329 448 1371 482 de
1403 449 1535 494 Nuria,
1570 448 1708 490 COLM.)
1741 448 1786 483 ad
1811 449 1872 484 alt.

224 491 403 525 5—6000!
431 511 475 515 —
503 499 538 532 21.
565 491 648 535 Jul.,
675 493 764 534 Aug.
791 501 836 526 (11.
862 502 917 533 v.).

270 535 444 570 Observ.
494 537 607 582 Stirps
635 539 817 583 hispanica
840 539 990 573 fortasse
1015 539 1058 573 ad
1085 540 1238 584 speciem
1263 546 1467 584 sequentem
1492 541 1658 585 pertinet..

269 582 358 617 Hab.
384 584 419 617 in
444 584 582 628 Pyren,
608 584 708 629 Jura,
735 585 863 629 Alpib..
887 586 1073 629 Appenin.,
1103 587 1263 631 Aprutio,
1289 588 1468 631 Carpath.,
1498 588 1641 623 montib.
1661 586 1873 622 Dalmatiae.

277 654 377 687 1257.
424 657 471 686 A.
499 658 726 695 pyrenaica
751 654 848 688 LGE.
875 655 962 698 Pug.
981 656 1027 689 II.
1056 658 1140 691 1141
1166 657 1222 691 (Α.
1249 657 1416 691 albifrons
1442 667 1513 690 var.
1538 656 1739 691 viridifrons
1758 656 1873 690 CSTA.

176 697 230 731 Fl.
250 700 352 733 catal.
379 712 411 743 p.
433 701 516 734 1181
544 701 685 734 Cacalia
711 701 831 744 alpina
857 703 963 736 Asso
990 702 1109 746 Syn.?›
1146 703 1264 745 Elata,
1289 704 1387 737 caule
1415 703 1565 748 172—2‘
1583 704 1616 747 l.,
1644 703 1873 747 subsimplici,

176 745 312 790 striato,
339 747 528 790 puberulo3
556 747 648 781 foliis
675 747 1100 792 cordato-reniformibus,
1127 756 1251 793 argute
1278 750 1339 784 sed
1364 750 1542 784 subtiliter
1566 749 1738 794 dentatis,
1765 750 1875 784 utrin-

176 802 242 835 que
269 791 449 835 viridibus,
476 804 582 837 supra
607 794 854 836 glabriusculis
881 796 1003 830 subtus
1031 796 1184 840 sparsim
1209 797 1389 841 puberulis
1415 796 1671 842 pallidioribus,
1698 797 1787 832 lobis
1812 797 1873 830 ba-

176 839 340 873 silaribus
372 840 627 883 approximatis
662 840 844 884 sinumque
882 848 1069 885 angustum
1103 844 1350 887 formantibus,
1388 843 1520 887 petiolo
1550 844 1627 877 basi
1660 844 1873 888 auriculam,

174 887 337 930 corymbo
363 886 497 931 amplo,
531 887 696 921 calathiis
724 888 993 924 12—14-fioris.
1033 890 1127 924 5‘1‘1.
1172 889 1331 924 anthodii
1357 890 1512 933 squamis
1538 891 1629 924 8-9
1655 890 1874 936 lanceolatis,

174 932 298 973 acutis,
324 932 467 975 glabris,
492 932 806 978 fusco-purpureis.

267 979 373 1013 Secus
405 979 533 1014 rivulos
563 980 716 1023 regionis
749 981 922 1025 subalpin.
960 982 1222 1026 Pyrenaeorum
1249 982 1293 1016 ad
1318 983 1378 1017 alt.
1405 984 1579 1017 3-40001
1604 989 1726 1027 <prope
1752 982 1873 1017 Arties

222 1030 286 1059 etc.
312 1025 347 1058 in
372 1025 460 1060 valle
486 1025 527 1059 de
553 1028 662 1063 Aran.
690 1027 853 1070 COSTA!,
879 1028 1020 1063 Montes
1046 1029 1089 1063 de
1114 1029 1238 1075 Nuria,
1265 1030 1409 1064 SALV.).
1435 1050 1478 1054 —-
1506 1038 1541 1068 a.
1566 1030 1657 1073 Aug.
1683 1036 1726 1069 (V.
1754 1036 1795 1069 s.)

266 1071 356 1105 Hab.
382 1072 487 1106 etiam
512 1073 547 1106 in
572 1074 698 1118 Pyren.
725 1075 874 1119 gallicis,
901 1075 959 1109 ubi
983 1086 1060 1109 eam
1085 1076 1218 1111 detexit
1244 1077 1344 1111 amic.
1377 1076 1474 1110 LGE.

266 1118 439 1153 ObserV.
491 1119 539 1154 Cl.
567 1120 700 1154 COSTA
732 1121 767 1154 in
799 1120 889 1157 flora
923 1122 1027 1156 catal.
1061 1122 1082 1157 l.
1112 1134 1139 1157 c.
1176 1123 1267 1157 hanc
1300 1123 1458 1168 plantam
1482 1122 1691 1157 varietatem
1716 1121 1758 1155 A.
1786 1121 1874 1156 albi-

217 1163 341 1199 frontis
368 1176 444 1200 esse
471 1173 600 1211 censet,
628 1179 733 1211 quum
759 1169 952 1212 specimina
977 1175 1180 1214 occurrant,
1208 1180 1298 1214 quae
1323 1170 1471 1204 formam
1498 1168 1600 1214 quasi
1624 1168 1872 1203 intermediam

217 1211 309 1246 inter
333 1212 375 1246 A.
401 1213 627 1257 pyrenaicam
653 1220 688 1248 et
712 1214 936 1249 albifrontem
961 1216 1191 1251 constituunt.
1239 1216 1415 1261 Equidem
1435 1217 1478 1251 A.
1505 1215 1729 1251 albifrontem
1753 1225 1874 1249 veram

218 1268 236 1292 e
261 1258 455 1304 Pyrenaeis
481 1260 633 1294 nondum
661 1261 741 1295 vidi.

1138 919 1144 935 7

430 1370 690 1422 Subtritill.
760 1370 1210 1417 TUSSILAGINEAE
1247 1373 1377 1418 LESS.
1408 1383 1490 1429 Syn.
1518 1383 1596 1417 158.

288 1457 460 1496 Calathia
503 1458 785 1512 helerogama‚
832 1459 1066 1512 plerumque
1099 1461 1315 1503 subdioica.
1370 1461 1552 1501 Corollae
1586 1460 1724 1499 florum
1758 1458 1871 1498 femi-

176 1527 340 1554 neorum
384 1515 589 1555 filil'ormes
634 1517 753 1557 limbo
796 1518 954 1569 oblique
998 1524 1181 1559 truncato
1224 1533 1255 1560 v.
1290 1519 1473 1571 ligula103
1513 1518 1689 1558 corollae
1730 1516 1872 1556 florum

173 1572 585 1625 liermaphrodilorum
618 1579 684 1614 aut
718 1576 858 1614 abortu
884 1577 1150 1616 masculorum
1174 1579 1385 1632 regulares
1410 1577 1635 1617 tubulos-ae.
1667 1575 1870 1614 Antberae

170 1630 255 1669 basi
288 1632 464 1682 excisae,
500 1631 602 1672 lobis
635 1634 872 1672 rotundatis.

288 1711 449 1752 CCCXI.
502 1713 771 1753 PETASITES
816 1715 956 1755 Torua.
1001 1715 1231 1756 11151451.
1294 1716 1510 1756 Calalbium
1555 1712 1869 1765 campanulatum

179 1769 450 1821 multiflorum,
486 1771 758 1822 subdiohuni,
794 1773 968 1812 anthedii
1003 1775 1177 1825 squamis
1212 1774 1595 1823 subuniserialibus,
1636 1771 1756 1810 flores
1790 1780 1867 1809 non

175 1829 449 1879 aequantibus.
498 1829 652 1869 Corolia
678 1829 818 1869 florum
846 1832 1107 1870 femineorum
1143 1831 1352 1881 filil'ormis,
1387 1833 1546 1884 oblique
1572 1834 1749 1869 truncata
1774 1827 1867 1866 (len-

175 1890 272 1934 tata,
309 1887 437 1925 rarius
471 1886 508 1925 in
543 1887 700 1939 ligulam
735 1893 942 1940 angustam
977 1889 1137 1928 brevem
1173 1891 1384 1942 producta,
1429 1890 1570 1929 florum
1603 1887 1869 1926 masculorum

176 1956 194 1980 a
230 1943 323 1983 lubo
356 1943 527 1983 filil‘ormi
560 1946 596 1983 in
631 1945 788 1984 limbum
824 1947 1137 1998 (·ampanulalum
1172 1960 1358 2000 expansa.
1403 1947 1572 1988 Calalbia
1597 1942 1868 1984 submascula:

172 2000 292 2039 flores
337 2002 576 2054 marginales
623 2003 783 2042 feminei
829 2005 1092 2055 uniserialeS,
1139 2007 1263 2044 reteri
1310 2006 1485 2045 masi-uli.
1559 2002 1732 2043 Calathi-d
1775 2000 1868 2039 sub-

173 2058 364 2097 seminea:
408 2060 529 2099 flores
573 2066 638 2100 aul
682 2058 820 2100 Omnes
864 2067 930 2101 aut
971 2063 1109 2101 sallem
1155 2064 1309 2115 plurimi
1346 2064 1525 2113 feminei,
1570 2059 1733 2101 masculi
1773 2057 1868 2097 nulli

170 2117 232 2154 vel
272 2115 377 2155 1-3
407 2119 619 2157 centrales.
670 2119 915 2159 Arhaenium
950 2121 1135 2172 utrinque
1170 2126 1435 2171 allenualum,
1484 2131 1609 2173 pappo
1641 2118 1741 2158 albo.
1795 2116 1866 2155 Ca-

168 2173 282 2212 lalliia
317 2187 529 2214 numerosa
565 2190 765 2216 rari-mum
793 2178 1038 2218 lerminalvm
1064 2179 1281 2231 simplicem
1306 2193 1339 2218 v.
1366 2180 1624 2231 compositum
1651 2176 1866 2226 (thyrsum)

173 2232 354 2272 l'ormant.
408 2234 539 2272 Caulis
584 2248 743 2286 semper
783 2237 950 2288 simplex
990 2243 1220 2289 squamalus
1253 2243 1343 2277 anle
1379 2238 1562 2277 soliorum
1597 2234 1864 2274 evolutionem

166 2290 396 2341 prorumpit.

263 2370 362 2402 1258.
397 2371 441 2403 P.
469 2372 694 2405 offeinalis
720 2372 873 2407 MUNCH
890 2373 1003 2407 Meth.
1024 2374 1100 2406 568.
1126 2373 1252 2407 ROHB.
1278 2374 1344 2407 1.0.
1370 2378 1394 2407 t.
1415 2374 1472 2406 101
1499 2372 1551 2408 (P.
1570 2371 1725 2414 vulgaris
1743 2370 1864 2404 DESF.

173 2413 227 2447 Fl.
255 2421 319 2449 etc.
356 2415 427 2450 DC.
455 2416 574 2451 Prcdr.
625 2418 811 2462 Tussilago
842 2419 1018 2454 Petasites
1052 2420 1092 2453 L.
1127 2419 1186 2464 [pl.
1217 2418 1466 2464 hermaphrod.
1496 2430 1522 2453 5.
1554 2417 1726 2462 mascula]
1758 2422 1793 2451 et
1824 2416 1864 2451 T.

166 2461 316 2505 hybrida
342 2461 382 2495 L.
410 2462 469 2507 [pl.
496 2464 660 2509 feminea]
687 2465 806 2500 SCHK.
832 2466 971 2500 Handb.
998 2472 1011 2501 t
1048 2468 1159 2503 2421).
1208 2467 1495 2510 Purpurascens,
1527 2465 1722 2499 rhizomate
1748 2475 1866 2498 crasso

168 2508 378 2551 multicipiti,
405 2509 501 2543 caule
528 2511 591 2544 sub
615 2512 755 2546 anthesi
786 2513 839 2557 'ss
877 2516 906 2546 1¹
933 2512 1071 2546 demum
1097 2513 1140 2547 ad
1162 2515 1195 2546 1*
1215 2519 1242 2549 2'
1268 2524 1377 2557 usque
1403 2514 1486 2555 alto,
1511 2512 1682 2551 fistuloso,
1708 2521 1864 2554 squamis

167 2554 303 2597 magnis
329 2556 617 2600 membranaceis,
645 2559 767 2594 subtus
793 2571 870 2594 cum
897 2560 995 2594 caule
1021 2560 1278 2604 arachnoideis,
1305 2571 1322 2594 e
1341 2560 1418 2594 basi
1435 2560 1509 2593 lata
1527 2557 1864 2601 semiamplexicauli

170 2601 299 2635 sensim
325 2602 486 2645 acutatis,
512 2602 547 2635 in
573 2604 619 2646 pl.
639 2604 840 2650 hermaphr.
867 2617 972 2650 saepe
998 2607 1143 2640 limbum
1168 2609 1318 2651 parvum
1339 2607 1524 2641 foliaceum
1541 2604 1651 2639 viride
1668 2603 1863 2638 ferentibus

167 2648 309 2691 vestit03
336 2658 474 2682 racemo
493 2648 639 2692 oblongo
659 2651 886 2697 subsimplici,
913 2653 1078 2689 calathiis
1104 2654 1139 2686 in
1161 2655 1207 2698 pl.
1235 2664 1330 2688 masc
1369 2656 1424 2686 5⁰¹
1442 2653 1475 2694 1.,
1499 2650 1863 2695 brevepedunculatis,

169 2694 312 2728 summis
340 2695 540 2739 5655111111157
572 2696 608 2729 111
639 2697 684 2740 pl.
711 2698 827 2733 femin.
861 2700 1053 2734 minoribus
1089 2699 1149 2733 sed
1183 2700 1269 2734 satis
1303 2700 1404 2743 longe
1428 2697 1691 2743 pedunculatis,
1723 2697 1862 2732 corollis

164 2741 272 2775 roseis
296 2753 326 2774 v.
353 2742 552 2785 purpureis,
578 2743 801 2785 stigmatibus
827 2746 861 2779 in
887 2746 934 2790 pl.
961 2746 1164 2790 hermaphr.
1189 2746 1404 2781 brevissimis
1429 2745 1587 2783 clavatis,
1611 2744 1647 2778 in
1671 2744 1719 2788 pl.
1744 2743 1861 2777 femin.

163 2787 384 2822 filiformibus
410 2786 569 2832 reflexis,
595 2788 687 2824 foliis
714 2791 784 2826 late
810 2792 1099 2836 cordato-ovatis,
1124 2793 1358 2836 inaequaliter
1383 2791 1710 2835 sinuato—dentatis,
1737 2790 1860 2826 subtus

164 2834 646 2877 lanuginoso-arachnoideis,
672 2837 811 2872 demum
835 2839 1008 2880 maximis,
1035 2839 1204 2873 diametro
1230 2838 1454 2881 ultrapedali.

259 2880 314 2914 Ad
350 2881 480 2916 rivulos
514 2882 667 2922 regionis
698 2884 853 2919 inferior.
885 2886 921 2919 in
954 2891 1103 2929 utraque
1130 2886 1285 2920 Castella
1311 2885 1465 2927 (Montes
1499 2883 1540 2918 (le
1565 2883 1720 2926 Burgos,
1753 2882 1871 2926 PAL.,

210 2938 263 2971 pr.
289 2927 518 2962 Villaviciosa
542 2928 584 2962 de
610 2928 718 2974 Odon,
744 2930 904 2977 GRLLS.)
930 2938 965 2967 et
989 2932 1197 2966 Catalaunia
1221 2932 1340 2975 (mont.
1367 2931 1409 2965 de
1435 2931 1467 2965 S.
1482 2930 1671 2964 Geronimo
1695 2940 1747 2974 pr.
1772 2929 1858 2963 Bar-

208 2974 365 3008 cinonem
400 2979 504 3018 atque
534 2975 570 3008 in
594 2975 779 3023 Monseny,
811 2978 959 3023 COLM.).
985 2999 1029 3003 ——
1058 2986 1091 3018 21.
1119 2978 1226 3012 Mart.
1254 2979 1298 3022 (n.
1325 2978 1369 3022 v.)
1406 2977 1673 3012 »Sombrerera«
1702 2976 1858 3019 Castell.,

212 3020 322 3055 »Pata
346 3021 389 3055 de
413 3020 548 3056 caball«
577 3021 688 3056 Catal.
