1947 3221
903 86 929 127 9

168 209 264 245 Inter
291 213 427 251 segetes
453 206 607 248 regionis
632 205 811 239 inferioris
836 204 1031 248 Hispanizu¹
1057 203 1210 237 borealis
1236 208 1267 236 et
1288 203 1482 236 orientalis:
1512 216 1544 237 (1.
1570 203 1604 236 in
1622 202 1771 236 Navarr.

123 256 253 298 (Olave.
280 254 411 297 WK.!).
437 255 474 296 β.
499 252 628 287 ibidem
646 262 725 286 eum
742 251 856 285 forma
876 263 910 295 a,
938 250 1067 290 (WKJ).
1084 249 1217 283 Gallec.
1238 248 1391 290 (Castelo
1410 248 1451 281 de
1469 248 1622 292 Noc-eda,
1650 248 1775 291 ΒΘΗ),

120 303 242 338 Astur.
279 300 338 342 <ad
374 300 513 342 Gangas
549 299 592 333 de
627 298 755 341 Tineo,
793 298 964 332 BOURG.!
1005 297 1124 339 (Arag.
1160 296 1370 340 (Chiprana,
1407 295 1625 329 Castelseras
1658 295 1776 329 Losc.

120 348 276 392 PARD.).
301 366 347 371 ——
374 351 415 388 Q)
442 346 527 386 Jul..
553 346 643 388 Aug.
671 346 712 386 (v.
738 344 781 387 v.)
1490 361 1494 367 .

166 395 257 429 Hab.
283 395 318 428 in
344 393 490 437 Europa
514 394 587 426 fero
614 392 724 435 omni,
761 401 781 424 a
807 390 933 424 Suecia
957 388 1036 423 iude
1062 394 1097 422 et
1122 388 1318 424 Brittania.
1355 389 1390 421 in
1415 388 1502 421 Asia
1528 388 1629 431 min.,
1668 387 1775 421 Afric.

121 441 195 476 bor.
223 436 256 476 et
281 440 346 474 ins.
374 440 499 474 Canar.
527 446 580 478 (u.
605 440 640 473 in
665 437 811 482 Europa
835 436 962 472 media.
988 438 1025 477 ρ’.
1051 436 1085 469 in
1112 435 1198 469 Eur.
1225 434 1348 468 merid.
1375 434 1573 477 vulgatior).

123 514 216 545 Sect.
248 511 314 543 ΙΙΙ.
361 511 547 552 l'laeyco
559 511 652 542 elue
680 507 750 541 DC.
770 507 791 541 l.
811 518 838 541 c.
867 506 957 547 (incl.
977 505 1212 539 Selenocoelis
1231 503 1341 548 ejusd.
1361 504 1458 548 aut.).
1494 503 1676 538 Achaenia
1705 503 1777 536 uni-

284 555 421 597 formia,
447 555 561 588 antice
588 553 890 597 longitudinaliter
915 553 1060 592 rimosa,
1087 552 1227 596 saepius
1254 550 1426 596 profunde
1453 551 1593 594 lateque
1621 550 1777 592 sulcata3

282 602 388 636 loculi
410 601 550 636 steriles
576 602 765 636 introrsum
791 600 915 635 saltem
943 599 1148 643 saepissime
1174 598 1341 641 contigui,
1368 597 1475 632 fertili
1501 597 1653 640 majores
1682 596 1779 639 (nun-

286 659 389 692 quam
422 647 637 687 filiformes‡>:
677 648 807 692 calycis·
839 647 966 681 limbus
998 646 1154 681 obsolete
1188 652 1222 679 ot
1246 645 1480 688 inaequaliter
1507 643 1780 677 1-3-dentatus

286 708 315 729 v.
340 694 580 739 cyathiformis
607 695 744 729 ss-lobus
769 694 859 728 lobis
891 693 1177 736 subaequalibus,

171 752 202 775 a.
230 741 413 786 Calycis
438 742 600 776 limbus
627 753 647 776 a
671 741 847 786 pariete
872 740 1009 774 loculi
1036 739 1210 773 fertilis
1237 738 1561 778 continuatus,
1595 736 1781 779 oblique

79 792 121 821 et
148 788 350 823 obsolete
378 788 739 822 1-denticulatus.

181 858 284 892 1208.
333 860 382 891 V.
415 859 605 891 carinata
636 857 744 892 Lols.
771 857 793 890 l.
820 868 848 890 c.
874 868 907 900 p.
935 856 1020 896 149;
1056 854 1180 888 ROHB.
1207 854 1228 887 l.
1256 866 1283 888 c.
1313 853 1335 886 f.
1366 854 1471 886 1599!
1522 852 1677 885 BOURG.
1710 860 1782 884 exs.

29 908 33 912 '
88 904 177 937 1854
204 903 271 938 No.
298 906 403 938 2145}
454 903 580 943 (Fedia
604 905 763 937 carinata
789 903 881 937 SteV.
907 902 1014 936 Mem.
1042 912 1110 935 soc.
1136 901 1247 934 Mose.
1274 900 1321 934 V.
1359 911 1391 943 p.
1420 900 1504 936 3462
1541 897 1785 932 Valerianella

83 960 240 993 praecox
265 949 353 984 WK.
380 950 466 993 Pug.
492 962 526 994 p.
557 951 640 984 104!
668 961 741 985 exs.
769 950 858 983 1846
884 949 950 983 No.
980 949 1101 991 13862)
1128 947 1319 981 Aehaeuiis
1347 945 1547 985 3,ι--1“,”,ι’”
1572 945 1607 987 1.,
1632 945 1784 989 plerum-

83 1006 150 1039 que
177 996 326 1040 glabris,
362 997 468 1030 rectis
494 1009 523 1030 v.
550 997 787 1035 subcurvatis,
820 1002 921 1030 ovato
946 1007 979 1042 v.
1002 994 1337 1039 elliptico-oxalibus
1364 991 1786 1036 subquadrangularibus,

83 1043 218 1087 postice
244 1044 423 1084 convexis,
460 1043 497 1076 in
521 1043 635 1077 medio
661 1043 818 1078 obsolete
845 1042 1047 1083 l-costatis,
1084 1041 1253 1075 lateribus
1279 1040 1383 1074 loculi
1407 1039 1536 1073 fertilis
1562 1038 1725 1081 utrinque
1750 1037 1786 1070 in

85 1089 245 1124 carinam
269 1096 426 1134 acutam,
464 1090 623 1134 subjecto
649 1091 801 1134 sulculo,
839 1088 1125 1127 excurrentibus,
1152 1087 1265 1122 antice
1294 1087 1389 1121 sulco
1415 1087 1495 1130 plus
1519 1086 1632 1119 minus
1656 1085 1728 1119 lato
1753 1089 1788 1118 et

83 1135 257 1181 profundo
276 1136 661 1180 lineari-quadrangulo
679 1137 841 1171 achaenii
858 1135 1074 1179 longitudine
1093 1135 1266 1177 exarati&
1293 1133 1418 1168 loculis
1436 1133 1615 1167 sterilibus
1634 1131 1788 1166 sectione

85 1183 317 1217 transversali
343 1183 577 1228 semilunatis,
605 1190 703 1228 septo
730 1184 825 1217 brevi
849 1183 1056 1227 plerumque
1080 1181 1271 1216 introrsum
1299 1186 1434 1214 tantum
1461 1179 1654 1222 contiguis,
1679 1177 1787 1211 fertili

86 1230 378 1274 srbaequalibns3
416 1230 526 1275 cymis
563 1231 843 1273 subfastigiatis,
881 1229 1035 1263 bracteis
1069 1229 1220 1272 patulis,
1258 1227 1457 1269 herbaceis,
1495 1225 1789 1269 subspathulatis,

89 1277 226 1321 apicem
251 1287 374 1312 versus
401 1287 507 1321 saepe
533 1277 777 1320 denticulatis;
804 1276 937 1310 corolla.
962 1276 1223 1310 coerulescente
1248 1286 1278 1307 v.
1304 1274 1428 1308 lactea.

176 1323 221 1357 In
238 1324 360 1367 muris,
379 1324 473 1357 inter
491 1330 630 1366 segetes
648 1324 798 1367 aliisque
815 1323 851 1357 in
867 1323 954 1357 locis
972 1322 1076 1357 cultis
1091 1322 1244 1363 regionis
1262 1320 1449 1363 inferioris,
1467 1319 1503 1352 in
1521 1318 1622 1362 Hisp.
1641 1316 1790 1351 australi

130 1370 167 1403 in
191 1370 371 1412 regionem
400 1370 625 1414 subalpinam
650 1381 759 1414 usque
794 1369 1029 1405 adscendens:
1068 1369 1104 1402 in
1129 1367 1295 1402 Cantabr.
1323 1367 1453 1410 (Yrun,
1489 1365 1633 1400 Bilbao.
1669 1362 1789 1397 WK.d

133 1416 241 1460 Arag.
260 1417 310 1455 (in
330 1417 391 1451 dit.
408 1417 534 1451 Tierra
546 1418 640 1461 baja,
665 1429 693 1451 c.
713 1417 860 1451 Aranda
885 1416 939 1450 del
960 1415 1088 1459 Conde,
1114 1415 1231 1450 LOSC.
1259 1420 1294 1448 et
1310 1414 1474 1457 PARD.);
1502 1412 1595 1446 Cast.
1623 1409 1791 1453 (Madria,

137 1463 310 1498 BOURG.!
363 1464 445 1498 Soto
471 1464 506 1498 di
530 1464 838 1507 Migascalientes.
865 1464 1007 1505 COLM.,
1034 1463 1140 1497 Cerro
1167 1472 1291 1505 negro,
1319 1461 1410 1495 CUT.
1436 1466 1471 1494 et
1495 1460 1588 1498 AM„
1615 1457 1792 1497 Talaver!>

133 1509 175 1544 de
209 1510 243 1543 la
276 1510 406 1554 Reina,
439 1510 668 1555 SCHOUSB.!')
718 1510 865 1544 Granat.
900 1510 1033 1554 (Sierra
1057 1509 1204 1543 Nevada
1235 1511 1289 1552 p'r.
1315 1507 1488 1551 Dornajo,
1527 1505 1651 1546 WK.!)
1677 1524 1721 1527 —
1750 1506 1791 1544 O

132 1556 232 1601 Apr..
257 1557 367 1601 Majo.
394 1557 436 1600 (v.
463 1558 503 1601 s.)

181 1603 273 1638 Hab.
298 1604 334 1637 in
359 1603 504 1648 Europa
528 1603 645 1638 media
671 1609 706 1638 et
737 1603 860 1637 merid.
895 1603 939 1637 ab
971 1602 1077 1645 Angl.
1110 1608 1145 1637 et
1177 1601 1295 1635 Germ.
1327 1601 1401 1635 bor.
1433 1598 1477 1633 ad
1511 1599 1725 1639 Caucasum,
1758 1596 1793 1629 in

132 1650 219 1685 Asia
243 1650 338 1693 min.,
365 1651 477 1695 Syria,
503 1650 627 1685 Africa
652 1651 726 1685 bor.
754 1649 976 1684 occidentali.

182 1697 216 1731 b.
250 1697 431 1742 Calycis
457 1697 620 1731 limbus
647 1709 668 1731 a
692 1697 947 1742 parietibus
972 1695 1215 1730 loculorum
1241 1699 1279 1728 et
1306 1692 1531 1727 sterilium
1558 1696 1597 1724 et
1625 1688 1790 1723 fertilis

90 1743 399 1787 continuatus,
426 1744 642 1778 dentibus
662 1744 844 1788 saepius
863 1742 1226 1782 membranaceis,
1253 1741 1351 1774 basi
1370 1737 1653 1779 coadunatis,
1681 1745 1791 1769 nunc

91 1790 180 1824 1-3
205 1791 552 1834 inaequalibus,
579 1801 688 1824 nunc
716 1791 736 1823 6
763 1789 1120 1833 subaequalibus.

89 1859 112 1899 †
152 1861 295 1903 s'alycis
320 1863 450 1894 limbus
477 1862 719 1902 inaequaliter
743 1863 805 1893 snb
831 1861 1072 1900 3-‹leulam-sfi:
1108 1859 1250 1890 loculus
1275 1856 1417 1898 fertilis
1444 1859 1584 1895 pat-lem
1612 1854 1784 1884 minorem

454 1908 562 1949 [σεὶνὶ
587 1908 744 1949 posticae
771 1918 974 1949 occupans,-
1002 1916 1124 1947 cymae
1149 1904 1419 1945 sutbf’asliyatae.

186 1964 287 1996 1209.
331 1965 378 1996 V.
404 1966 562 1997 rimosa
579 1963 700 1996 BAST.
727 1962 850 1996 Journ.
869 1963 939 1996 bot.
960 1964 1061 1998 1814.
1088 1962 1114 2005 Ι,
1141 1973 1174 2004 p.
1195 1962 1256 2001 202
1285 1959 1339 2002 (V.
1359 1957 1527 1992 Auricula
1548 1962 1579 1990 et
1599 1956 1642 1990 V.
1660 1954 1793 1998 pumila

91 2011 128 2050 ss.
154 2009 283 2043 rimosa
308 2009 379 2043 DC.
406 2010 461 2044 Fl.
488 2010 530 2043 fr.
557 2010 608 2044 V.
636 2022 669 2053 p.
695 2011 763 2042 492
791 2010 925 2052 (1815);
970 2009 1012 2043 Υ.
1039 2007 1211 2042 Auricula
1235 2008 1404 2040 BETCKE
1429 2004 1451 2038 l.
1478 2015 1526 2041 (κ,
1565 2003 1689 2036 Reus.
1717 2001 1739 2034 l.
1765 2011 1793 2033 c.

90 2056 112 2089 f.
141 2057 247 2090 1400!
291 2056 485 2090 Valeriana
511 2056 667 2090 Locusta
695 2056 726 2090 ὁ.
753 2055 896 2091 dentata
922 2055 962 2089 L.
989 2055 1070 2089 Cod.
1098 2056 1165 2088 265
1185 2055 1224 2088 ὁὶ
1266 2050 1509 2086 Valerianella
1534 2050 1679 2084 dentata
1705 2047 1794 2098 Poll:

90 2103 198 2147 palat.
226 2103 344 2146 (part.)
365 2104 406 2147 (22)
456 2103 651 2137 Achaeniis
679 2106 734 2136 1¹“
760 2103 794 2137 l..
821 2102 966 2145 glabris.
992 2099 1388 2142 ovoideo-subglobosis
1414 2098 1529 2131 antice
1556 2096 1644 2131 stria
1668 2095 1795 2128 lineari

92 2149 243 2193 rimosis,
268 2149 392 2184 loculis
419 2150 599 2184 sterilibus
626 2150 736 2184 fertili
762 2149 965 2183 subelevato
994 2152 1167 2183 l-costato
1192 2147 1303 2181 multo
1321 2145 1525 2188 majoribus.
1552 2149 1651 2187 septo
1668 2151 1794 2184 magno

92 2196 264 2240 completo
284 2197 460 2241 separatis
479 2202 513 2231 et
532 2196 682 2230 invicem
706 2197 980 2240 approximatis:
1007 2195 1138 2240 calycis
1163 2195 1270 2228 limbo
1295 2199 1404 2229 recto.
1429 2191 1613 2225 herbaceo.
1640 2188 1795 2223 obsolete

92 2243 445 2285 reticulato-venoso,
484 2243 657 2277 achaenio
683 2243 789 2286 triplo
814 2243 974 2276 breviore
1001 2248 1035 2277 et
1060 2241 1281 2284 angustiore,
1317 2240 1456 2282 oblique
1480 2242 1643 2271 truncato
1669 2234 1796 2270 subtri-

92 2289 252 2332 dentato,
279 2289 444 2324 dentibus
470 2290 707 2324 anterioribus
732 2289 968 2324 brevissimis.
996 2299 1101 2333 saepe
1128 2287 1300 2331 evanidisg
1336 2285 1489 2320 bracteis
1516 2283 1663 2327 patulis,
1690 2282 1797 2315 linea-

93 2337 189 2370 ribus
215 2337 458 2373 acutiusculis,
484 2337 620 2370 inferne
647 2343 794 2379 anguste
821 2335 1222 2378 §carioso-marginatis;
1249 2333 1381 2368 corolla
1404 2333 1530 2366 lactea.

187 2382 289 2417 Var.
314 2383 496 2417 achaeniis
522 2383 682 2417 nonnihil
712 2383 920 2427 majoribus.
958 2383 1073 2416 antice
1107 2382 1210 2416 basin
1242 2391 1364 2414 versus
1395 2376 1643 2423 planiusculis.
1678 2374 1797 2418 calyce

141 2428 242 2462 valde
275 2430 454 2473 variabili,
495 2430 746 2465 3——5-dentato
779 2430 834 2472 (V.
867 2429 1063 2463 tridentata
1087 2429 1256 2462 BETCKE
1283 2427 1304 2459 l.
1331 2438 1378 2460 c..
1413 2426 1538 2458 chss.
1564 2422 1586 2456 f.
1615 2424 1703 2455 1405
1730 2431 1798 2454 non

141 2474 282 2510 KROK!
332 2476 374 2509 V.
400 2476 545 2511 dentata
570 2477 665 2512 Lois.
692 2477 714 2510 l.
733 2488 773 2510 c..
800 2476 870 2509 DC.
897 2475 1046 2515 Prodr.).

189 2521 285 2556 Inter
311 2529 466 2565 segetes:
493 2523 528 2556 in
553 2523 717 2557 Navarra
742 2522 834 2565 (Olai
845 2534 874 2557 e.
902 2522 1032 2563 ww„
1059 2522 1165 2564 Arag.
1189 2520 1392 2563 (Chiprana.
1416 2517 1451 2551 fl.
1477 2516 1655 2558 Mezquin.
1680 2515 1798 2548 LOSC.

142 2573 177 2602 et
201 2568 363 2610 PARD.):
389 2569 510 2603 Astur.
537 2569 689 2613 (NYM.):
717 2570 811 2604 Cast.
839 2569 1004 2612 (Madrid.
1030 2568 1155 2611 COLM.
1182 2567 1287 2603 Cur.)
1307 2586 1350 2589 —
1378 2569 1418 2606 G)
1445 2563 1666 2604 auu—Aug.
1695 2566 1737 2603 (v,
1757 2560 1797 2595 s.)

189 2614 281 2649 Hab.
308 2615 343 2649 in
369 2615 515 2659 Europa
543 2616 770 2650 occidentali.
808 2616 924 2650 media
950 2623 983 2649 et
1009 2614 1131 2648 merid.
1158 2614 1201 2646 ab
1228 2612 1400 2646 Hibernia
1425 2618 1458 2645 et
1485 2609 1613 2652 Angli-a
1640 2607 1685 2642 ad
1710 2608 1798 2640 Cau-

141 2671 272 2706 casum,
297 2662 407 2696 Afric.
434 2663 506 2696 bor.
534 2664 588 2705 (P).

191 2731 292 2764 1210.
341 2733 391 2764 V.
418 2733 652 2764 tridentata
677 2731 798 2765 KROK
825 2733 945 2765 msc-iu!
986 2728 1112 2772 (Fedia
1138 2728 1331 2762 tridentata
1357 2727 1447 2760 stev.
1472 2726 1578 2759 Mem.
1598 2736 1666 2759 soc.
1686 2724 1797 2757 Mose.

97 2775 143 2818 ΙΙ,
171 2789 204 2820 p.
234 2779 299 2811 173
326 2788 395 2811 non
420 2777 564 2820 Rene,
592 2777 786 2811 Valeriana
812 2777 966 2812 Locusta
995 2788 1027 2816 η.
1055 2775 1188 2819 pumila
1212 2774 1253 2808 L.
1273 2774 1365 2818 Syst.
1392 2779 1463 2807 nat.
1490 2772 1543 2806 ed.
1572 2773 1613 2804 12
1642 2771 1701 2813 (Ῥ);
1727 2769 1797 2802 Va-

95 2822 281 2857 lerianella
316 2824 449 2868 pumila
466 2825 484 2845 *
520 2824 592 2858 DC.
618 2823 671 2858 Fl.
698 2824 738 2857 fr.
769 2824 816 2863 V,
853 2836 887 2868 p.
913 2824 998 2857 492!
1027 2822 1127 2866 [excl.
1157 2824 1201 2864 β.
1232 2820 1376 2864 rimosa]
1402 2825 1436 2853 et
1464 2818 1585 2853 Prodr.
1613 2818 1683 2861 IV,
1710 2817 1797 2849 628!

202 2926 219 2944 *
238 2927 351 2952 Nomen
376 2929 462 2960 vulgo
477 2931 626 2960 receptum
642 2929 677 2953 V.
704 2928 878 2960 pumilae
898 2927 1038 2951 suadente
1059 2927 1092 2949 cl.
1109 2925 1199 2950 ΚΒΜ(
1220 2925 1381 2956 postposui.
1411 2927 1438 2947 et¹
1459 2928 1596 2953 tanquam
1617 2922 1714 2949 fallax,
1736 2926 1798 2943 cuni

97 2961 169 2985 haec
196 2962 307 2993 species
327 2963 404 2988 inter
423 2964 548 2994 majores
567 2964 682 2994 generis
702 2964 813 2994 species
832 2962 870 2986 sit
889 2960 1085 2990 numeranda,
1116 2963 1145 2984 et
1164 2960 1260 2991 quoad
1281 2960 1333 2983 loc.
1356 2959 1402 2982 cit.
1425 2958 1527 2981 Linaei
1556 2957 1640 2980 valde
1666 2955 1797 2979 dubium.

100 2995 213 3023 Nomen
236 2995 368 3022 stevenii
387 3001 498 3023 certum
517 3001 545 3022 et
564 2998 643 3022 haud
662 2999 737 3022 male
759 2997 932 3022 conveniens
951 2996 1043 3027 igitur
1062 2994 1286 3026 praeferendum
1307 2993 1423 3017 videtur
1442 2992 1647 3020 Candolleano,
1668 2990 1721 3013 sub
1743 2995 1799 3019 quo

98 3030 203 3055 ultimo
222 3031 345 3063 insuper
363 3033 463 3063 plures
482 3033 592 3064 species
612 3032 745 3058 divorsae
766 3031 936 3057 commixtae
955 3032 1034 3056 sunt.
1194 3035 1197 3037 ·
