1947 3296
956 90 1051 133 154

152 207 258 251 tellis,
286 209 432 252 spinulis
458 211 721 255 erecto-patulis
746 211 800 245 1“‘
818 211 852 255 l.⁷
878 210 1019 245 corollis
1044 209 1164 244 roseis.
1191 229 1235 233 —
1260 207 1434 242 Rhizoma
1456 208 1630 252 lignosum
1654 209 1852 255 multiceps,

151 255 288 289 rosulas
314 256 452 291 steriles
478 258 669 301 caespitem
694 264 913 302 compactum
938 263 1053 292 terrae
1080 255 1288 299 adpressum
1313 255 1448 288 niveum
1472 255 1664 291 formantes
1690 256 1808 291 edens.

243 300 286 335 In
317 303 473 337 arenosis
499 304 735 347 glareosisque
761 304 968 338 dolomiticis
993 303 1120 337 montis
1145 302 1262 335 Sierra
1288 300 1422 345 Tejeda
1445 301 1482 335 in
1505 312 1613 344 regno
1639 301 1782 338 Granat.
1807 302 1853 337 ad

196 346 257 382 alt.
281 350 526 384 4000—5500‘
552 350 662 394 (BSS..
689 351 803 394 WK.).
830 369 873 374 —
901 357 937 390 22.
963 349 1055 387 Jun..
1081 348 1152 381 Jul.
1179 348 1221 392 (v.
1247 347 1302 391 v.).

150 439 199 481 ††
243 442 466 485 Appendices
491 453 723 485 squamarum
750 444 903 482 pallidae
932 454 960 474 v.
987 442 1232 484 l'erruyineae,
1259 441 1406 484 spinula
1434 441 1509 473 basi
1532 441 1759 482 subpinnuta.
1797 442 1851 474 Ad

151 500 252 531 basin
285 501 520 544 appendicum
555 502 756 533 membrana
787 502 985 532 decurrens
1018 500 1137 530 lacera
1170 499 1327 540 hyalinu.
1383 500 1530 541 Pappus
1554 500 1680 541 fructu
1707 498 1851 531 brevior

580 563 641 590 aut
667 568 745 590 eum
771 558 1002 599 subaeqmms.
1032 574 1069 577 —
1100 555 1205 587 Folia
1230 560 1413 598 punctum.

249 625 348 659 1588.
384 628 426 660 C.
451 627 610 660 Funkii
636 625 670 659 C.
690 625 732 658 H.
752 623 936 658 SCHULTZ
960 623 1037 668 Bip.
1062 622 1195 657 in‘FK.
1221 623 1269 668 pl.
1294 623 1386 667 hisp.
1413 626 1502 658 exst
1527 634 1596 658 non
1620 623 1705 657 Bss.
1723 622 1849 657 Rnu'r.

155 670 204 704 Cf.
232 670 318 706 WK.
346 671 472 706 Enum.
497 672 544 716 pl.
571 683 603 705 n.
633 673 714 706 107!
744 670 792 714 (C.
819 670 987 705 Boissieri
1011 680 1083 704 var.
1110 669 1330 704 Nevadensis
1353 670 1438 704 BSS.
1465 670 1590 704 REUT.
1615 669 1702 713 Pug.
1726 681 1760 714 p.
1785 671 1850 705 671

155 717 191 751 O.
217 718 405 752 monticola
429 728 499 752 var.
525 718 633 752 COSS.
659 718 695 751 in
719 717 874 751 BOURG.
901 717 948 760 pl.
975 726 1047 752 exs.
1080 727 1113 751 n.
1141 717 1231 750 1238
1258 722 1349 751 teste
1373 715 1487 761 LGE.)
1535 717 1645 751 Cano·
1675 729 1704 750 v.
1737 716 1852 750 niveo-

154 769 360 807 tomentosa,
387 764 593 808 caespitosa.
619 764 778 799 caulibus
802 764 928 798 erectis
954 768 1014 797 aut
1039 762 1335 798 adscendentibus
1361 763 1478 796 2—6‘¹
1499 764 1522 797 l.
1548 763 1767 808 simplicibus
1791 767 1852 797 aut

151 810 469 854 furcam-ramosis:
503 810 595 845 foliis
622 816 683 845 aut.
708 810 868 844 omnibus
892 809 1069 855 indivisis,
1105 809 1234 845 infimis
1271 809 1487 854 spathulatis
1513 810 1661 845 caulinis
1686 810 1851 853 oblongo-

152 857 367 899 lanceolatis,
395 862 455 890 aut
479 857 690 891 basilaribus
716 856 1081 901 lyrato-pinnatifidis,
1108 867 1248 901 semper
1271 856 1542 901 mucronulatis3
1574 855 1735 891 anthedii
1758 855 1851 890 ovati

151 903 279 936 4—-5‘'‘
304 904 325 936 l.
358 903 512 946 squamis
546 903 678 946 glabris
711 903 843 948 pallide
873 903 1084 947 virentibus,
1122 904 1337 938 exteriorum
1367 903 1563 948 appendice
1594 902 1852 947 elongato-tri-

151 949 330 992 angulari,
363 950 398 982 in
423 949 597 993 spinulam
622 950 939 994 1·emn·vo-patulam
967 949 1141 995 1—11s2“‘
1168 950 1190 985 l.
1216 950 1408 995 producta,
1444 950 1547 993 longe
1580 950 1720 994 ciliata,
1756 949 1849 984 ciliis

151 996 344 1031 numerosis
369 996 572 1040 appendicis
596 996 781 1031 latitudine
806 996 1037 1042 longioribus,
1074 997 1207 1032 intimis
1242 996 1675 1042 spinescenti-apiculatis3
1710 996 1853 1031 corollis

154 1052 172 1075 e
190 1052 289 1076 roseo
307 1042 570 1084 latescentibus,
596 1043 694 1078 radio
725 1043 791 1085 ΒΨ
816 1043 933 1088 diam.3
959 1043 1140 1078 achaeniis
1166 1043 1222 1077 2¹¹¹
1240 1044 1263 1078 l.
1288 1043 1441 1088 pallidis,
1467 1054 1585 1088 pappo
1620 1042 1694 1087 'lam
1711 1043 1735 1077 l.
1761 1042 1852 1077 albo.

155 1108 192 1111 —
219 1088 347 1123 Planta
371 1089 565 1141 rhizomate
590 1089 724 1133 lignoso
758 1091 896 1125 rosulas
933 1090 1072 1125 steriles
1105 1090 1247 1133 edente,
1283 1090 1371 1125 satis
1395 1090 1650 1136 polymorpha,
1676 1089 1852 1124 interdum

153 1139 308 1169 tomento
333 1141 430 1170 tenui
453 1145 581 1171 vlrens.

293 1194 326 1216 ιι.
354 1182 548 1261 genuina
573 1181 661 1216 WK.
696 1182 821 1217 Caules
839 1182 1093 1217 adscendentes
1118 1182 1162 1217 ad
1187 1183 1344 1217 calathia
1368 1192 1479 1227 usque
1503 1182 1628 1227 foliati,
1654 1182 1747 1218 foliis
1773 1182 1853 1217 sub-

359 1238 471 1272 aequa
486 1229 575 1263 ibus.

293 1276 329 1316 β.
355 1274 741 1310 xeranthemoides
767 1274 865 1310 LGE.
890 1274 981 1308 ined.
1017 1275 1144 1310 Caules
1169 1276 1278 1310 erecti
1304 1275 1429 1320 stricti,
1454 1275 1552 1319 apice
1570 1274 1732 1320 subnudi,
1757 1274 1852 1310 foliis

361 1321 653 1357 decrescentibus.
703 1321 856 1357 Habitus
881 1322 1125 1357 Xeranthemi.

247 1368 286 1401 In
320 1368 488 1411 glareosis
523 1369 732 1412 rupiumque
763 1368 902 1403 fissuris
935 1369 1104 1403 montium
1138 1369 1377 1403 calcareorum
1410 1368 1508 1411 regni
1533 1366 1678 1401 Granat.
1716 1367 1760 1401 ad
1793 1367 1855 1402 alt.

204 1414 374 1448 3-6000‘
400 1416 531 1459 passim
558 1415 693 1459 (Sierra
718 1415 760 1449 de
786 1415 939 1459 Huetor,
969 1415 1067 1451 WK..
1093 1415 1201 1457 FK.!,
1240 1415 1359 1449 Sierra
1385 1414 1441 1448 del
1466 1415 1592 1459 Mana,
1619 1413 1792 1455 CAMPOL
1819 1414 1853 1449 S.

200 1461 344 1496 Nevada
369 1462 403 1495 in
429 1461 572 1497 Dehesa
597 1462 638 1496 de
664 1462 776 1505 Dilar,
803 1462 953 1506 REUT.).
980 1483 1022 1486 -—
1051 1471 1086 1503 ιι.
1113 1462 1207 1505 Juu.,
1232 1461 1303 1496 Jul.
1332 1464 1373 1505 (v.
1399 1462 1454 1505 v.).

249 1532 347 1564 1589.
398 1533 438 1565 C.
465 1534 617 1565 incana
644 1531 742 1565 LAG.
770 1530 856 1566 Gen.
886 1538 919 1565 et
946 1543 996 1576 sp.
1021 1543 1053 1565 n.
1082 1533 1167 1565 397!
1195 1542 1263 1565 non
1289 1531 1395 1567 Teu:
1422 1530 1464 1565 cf.
1491 1530 1608 1565 LOSC.
1626 1531 1754 1565 PARD.
1781 1530 1854 1565 Ser.

157 1577 221 1610 inc.
247 1589 280 1621 p.
301 1578 360 1611 59!
404 1577 524 1612 (dac-ea
552 1579 685 1623 pumila
711 1579 836 1613 incana
862 1579 1060 1622 caespitosa
1087 1578 1269 1612 tenuifolia
1294 1578 1422 1612 BARR.
1450 1577 1497 1612 Ic.
1525 1577 1623 1619 1782)
1661 1577 1857 1612 Araneoso-

156 1628 368 1658 tomentosa.
395 1626 632 1659 cano—virens.
659 1625 818 1659 caulibus
845 1626 971 1659 erectis
1002 1624 1058 1670 ’Ἀπ’
1084 1625 1104 1658 l.
1132 1625 1447 1662 furcat‹;=-ram0sis:
1478 1624 1570 1659 foliis
1603 1623 1729 1658 infimis
1753 1624 1856 1667 longe

153 1671 329 1713 petiolatis
356 1671 778 1715 lyrato-piniiatipartitis.
804 1672 951 1706 caulinis
976 1671 1206 1716 pinnatifidis,
1233 1673 1376 1706 summis
1401 1671 1558 1705 indivisis
1582 1671 1776 1705 linearibus
1802 1681 1858 1705 ca—

158 1716 267 1750 lathia
294 1717 607 1753 involucrantilms.
640 1719 776 1753 laciniis
809 1718 1011 1752 inferiorum
1046 1719 1207 1758 oblongis
1234 1718 1473 1761 subdentatis,
1509 1718 1727 1762 superiorum
1752 1718 1859 1752 linea-

156 1762 253 1797 ribus
287 1764 539 1806 integerrimis.
574 1765 733 1800 omnibus
765 1765 1033 1800 mucronulatis:
1068 1765 1227 1799 antliodii
1258 1764 1517 1808 ovato-oblongi
1543 1764 1657 1807 glabri
1683 1764 1811 1797 5—6“¹
1838 1764 1859 1798 l.

158 1811 309 1852 squamis
344 1811 475 1854 pallide
506 1812 717 1847 virentibus.
754 1812 1008 1856 appendicibus
1041 1812 1078 1845 in
1104 1812 1241 1856 spinam
1267 1812 1321 1844 2¹0
1348 1811 1369 1846 l.
1395 1817 1614 1845 recurvatam
1639 1811 1860 1856 abeuntibus,

157 1855 259 1890 dorso
284 1858 517 1893 tomeutellis.
554 1859 644 1892 ciliis
670 1859 876 1903 appendicis
902 1858 1124 1893 latitudinem
1151 1858 1417 1902 superantibus,
1449 1858 1603 1902 squamis
1628 1858 1761 1892 intimis
1788 1858 1858 1902 spi-

157 1904 533 1947 nescenti-apiculatis:
561 1906 702 1940 corollis
726 1906 859 1950 pallide
885 1906 1006 1940 roseis.
1033 1906 1214 1940 achaeniis
1234 1905 1455 1948 (immaturis)
1473 1915 1628 1949 pappum
1646 1905 1764 1939 album
1782 1905 1861 1939 sub—

156 1951 402 1992 aequantibus.

255 1996 296 2030 In
327 1997 497 2039 glareosis
530 1998 743 2042 rupiumque
777 1998 916 2033 fissuris
940 1998 1094 2041 regionis
1119 1997 1295 2032 inferioris
1320 1998 1418 2040 regni
1442 1997 1583 2031 Valent.
1611 1996 1745 2041 (Sierra
1769 1996 1812 2031 de
1838 1997 1860 2031 S

200 2041 322 2087 Felipe
349 2043 390 2077 de
415 2043 542 2086 dativa.
567 2045 739 2080 BOURG.!
767 2056 795 2080 c.
824 2044 1004 2089 Orihuela,
1030 2045 1067 2078 in
1090 2050 1207 2079 monte
1235 2044 1406 2088 Frchillo,
1432 2043 1546 2087 LAG.)
1572 2043 1686 2078 Mure.
1714 2049 1749 2078 et
1772 2042 1858 2078 Gra-

202 2094 271 2123 nat„
300 2089 422 2134 (ΕΑΘ,
448 2091 485 2124 in
510 2092 658 2126 collibus
685 2092 726 2126 de
751 2091 787 2126 la
812 2091 1024 2131 Alhambra.
1049 2091 1156 2135 AMO)
1184 2112 1225 2115 —
1253 2099 1289 2130 ΖΙ.
1316 2091 1425 2135 Majo,
1452 2090 1559 2125 Junio
1586 2094 1627 2134 (v.
1653 2090 1705 2133 s).

249 2135 390 2170 Obserx:
440 2137 514 2171 Sec.
540 2138 581 2173 cl.
608 2139 676 2172 Del
700 2139 794 2173 AMO
819 2139 912 2173 haec
938 2138 1061 2182 planta
1086 2137 1240 2172 identica
1270 2142 1323 2172 est
1356 2149 1432 2171 cum
1460 2137 1494 2171 C.
1521 2136 1714 2182 parviflora
1739 2136 1860 2171 DESF.

203 2181 256 2215 Fl.
283 2183 343 2217 atl.
369 2183 420 2216 II.
454 2196 486 2227 p.
514 2186 597 2219 301!
632 2186 695 2229 (Cf.
722 2185 994 2229 descriptionem
1019 2185 1124 2218 Amoi
1160 2185 1463 2219 accuratissimam
1497 2185 1533 2218 in
1565 2184 1640 2228 ejus
1675 2183 1858 2228 opusculo:

205 2227 433 2274 Descripcion
459 2230 500 2264 de
525 2233 572 2276 pl.
600 2242 729 2267 nuevas
763 2234 783 2266 ό
813 2244 900 2276 poco
926 2231 1110 2266 conoeidas
1135 2231 1191 2265 del
1216 2231 1313 2265 reino
1338 2231 1380 2265 de
1406 2230 1590 2271 Granada,
1615 2243 1649 2275 p.
1677 2233 1741 2274 ⁰!J.
1791 2229 1860 2264 Sed

203 2285 309 2318 quum
333 2276 426 2310 AMO
453 2279 644 2321 specimina
669 2279 874 2314 authentica
898 2279 1042 2323 plantae
1067 2278 1352 2312 Fontanesianae
1378 2288 1447 2311 non
1478 2276 1604 2311 viderit
1635 2282 1741 2320 atque
1773 2277 1862 2311 haec

205 2331 246 2356 ex
276 2322 511 2367 descriptione
543 2325 662 2369 spinas
696 2326 806 2360 habet
838 2325 990 2369 validas.
1027 2325 1181 2370 speciem
1213 2322 1457 2368 Lagascanam
1490 2335 1567 2359 cum
1599 2323 1862 2358 Fontanesiana

203 2369 415 2412 conjungere
441 2371 624 2406 haesitavi.

233 2427 380 2477 ’‘31590.
430 2430 472 2462 C.
500 2431 672 2470 Spaehii
697 2429 732 2464 C.
758 2429 802 2464 H.
829 2428 1014 2464 SCHULTZ
1037 2429 1114 2473 Bip.
1139 2429 1231 2463 ined.
1257 2429 1294 2463 in
1317 2429 1366 2474 pl.
1392 2429 1483 2474 hisp.
1510 2438 1582 2464 exs.
1601 2428 1756 2463 Funkii!
1793 2427 1862 2462 La-

160 2473 504 2524 nugmosakvirens,
532 2477 689 2511 caulibus
715 2476 841 2511 erectis
869 2476 910 2520 (‘?)
937 2476 1190 2520 subpedalibus
1215 2476 1392 2519 angulatis
1417 2475 1741 2519 furcam-ramosis,
1766 2474 1861 2509 foliis

161 2518 308 2569 caulinis
334 2521 622 2565 pinnatipartitis,
654 2522 792 2558 laciniis
815 2523 959 2558 remotis
985 2522 1187 2558 divaricatis
1212 2522 1374 2566 foliisque
1400 2522 1544 2558 summis
1568 2521 1727 2557 indivisis
1751 2521 1860 2555 linea·

158 2563 255 2616 ribus
279 2568 507 2607 mucronatis,
541 2569 700 2604 omnibus
726 2569 922 2614 punctatim
954 2569 1117 2604 calathiis
1144 2569 1423 2614 subpaniculatis
1448 2568 1543 2604 foliis
1568 2568 1713 2603 summis
1737 2566 1862 2602 filifor-

158 2610 272 2645 m1bus
302 2611 543 2658 involucratis,
578 2615 737 2650 anthodii
762 2615 1023 2659 ovato-oblongi
1054 2615 1110 2650 5⁰¹
1135 2616 1158 2650 l.
1190 2616 1347 2660 squamis
1381 2616 1515 2658 glabris
1548 2614 1702 2659 pallidis,
1735 2613 1860 2649 mediis

159 2657 387 2701 appendicem
412 2666 595 2702 angustam
622 2663 783 2706 xtrinque
808 2663 913 2706 longe
944 2662 1097 2697 ciliatam
1129 2662 1166 2696 in
1191 2663 1328 2708 spinam
1360 2661 1512 2705 rigidam
1537 2661 1677 2696 demum
1701 2661 1861 2705 patulam

159 2702 216 2735 2⁰¹
241 2704 263 2756 1.
289 2704 475 2739 abeuntem
501 2709 719 2752 gerentibus,
753 2709 895 2744 corollis
919 2708 1053 2753 pallide
1077 2709 1188 2745 roseis
1216 2710 1275 2755 (‘?),
1306 2708 1489 2743 achaeniis
1515 2736 1522 2742 .
1549 2735 1556 2742 .
1584 2736 1590 2741 .
1618 2735 1625 2742 .
1651 2727 1695 2732 —
1719 2707 1861 2752 Species

162 2748 277 2802 affinis
304 2750 340 2785 C.
366 2751 576 2787 Karstianae
602 2754 726 2796 SCOP..
752 2765 842 2800 quae
867 2756 1042 2800 glabritie,
1067 2756 1177 2801 spinis
1203 2766 1429 2800 squamarum
1452 2754 1562 2789 multo
1584 2754 1802 2789 brevioribus
1826 2758 1862 2788 et

160 2797 322 2831 fohorum
346 2796 461 2840 figura
487 2799 530 2832 ab
556 2809 598 2833 ea
621 2801 748 2837 differt.
798 2802 969 2837 Fortasse
993 2802 1147 2838 varietas
1173 2803 1209 2838 C.
1233 2802 1377 2836 Funkii.
1423 2801 1543 2836 »Hanc
1568 2800 1722 2845 speciem
1745 2800 1859 2835 habeo

162 2854 206 2878 ex
229 2843 334 2878 horto
359 2843 552 2880 Parisiensi
577 2856 597 2879 a
623 2847 665 2881 cl.
691 2848 844 2884 SPAOH!
871 2859 962 2883 anno
990 2850 1081 2883 1847
1107 2850 1182 2884 sine
1207 2850 1344 2884 nomine
1369 2848 1521 2882 datam«
1572 2846 1758 2882 SCHULTZ
1781 2846 1860 2891 Bip.

162 2890 199 2923 in
223 2889 282 2923 hb.
308 2889 392 2933 FK.‚
417 2890 477 2924 ubi
503 2902 571 2925 non
593 2893 661 2928 nisi
686 2895 864 2939 specimen
887 2895 1026 2930 unicum
1051 2896 1303 2940 incompletum
1329 2899 1542 2930 asservatur.

253 2936 296 2970 In
320 2936 467 2971 collibus
491 2948 545 2981 pr.
569 2938 738 2987 Balazote
763 2942 861 2984 regni
886 2942 1037 2976 Murcici
1064 2942 1148 2987 (ΕΚ.
1160 2943 1193 2987 1).
1219 2962 1265 2967 —
1291 2941 1342 2981 21‘?
1365 2941 1462 2976 Julio
1488 2940 1529 2984 (V-
1555 2940 1597 2984 S-)

256 3007 355 3040 1591.
391 3008 432 3041 G.
456 3011 687 3043 montieola
711 3010 795 3045 Bss,
821 3021 875 3056 ap.
903 3011 974 3046 DC.
991 3012 1116 3047 Prodr.
1134 3012 1216 3057 VII⁷
1240 3024 1275 3057 p.
1295 3012 1377 3046 302!
1404 3010 1492 3056 Voy.
1517 3010 1588 3046 bot.
1615 3008 1703 3054 Esp.
1726 3020 1761 3054 p.
1780 3008 1860 3052 345,
