<?xml version="1.0" encoding="UTF-8"?>
<!DOCTYPE html PUBLIC "-//W3C//DTD XHTML 1.0 Transitional//EN"
    "http://www.w3.org/TR/xhtml1/DTD/xhtml1-transitional.dtd">
<html xmlns="http://www.w3.org/1999/xhtml" xml:lang="en" lang="en">
 <head>
  <title>
</title>
<meta http-equiv="Content-Type" content="text/html;charset=utf-8" />
  <meta name='ocr-system' content='tesseract 3.04.00' />
  <meta name='ocr-capabilities' content='ocr_page ocr_carea ocr_par ocr_line ocrx_word'/>
</head>
<body>
  <div class='ocr_page' id='page_1' title='image "./prodromusfloraeh02will_0365.png"; bbox 0 0 1947 3296; ppageno 0'>
   <div class='ocr_carea' id='block_1_1' title="bbox 888 117 983 161">
    <p class='ocr_par' dir='ltr' id='par_1_1' title="bbox 888 117 983 161">
     <span class='ocr_line' id='line_1_1' title="bbox 888 117 983 161; baseline 0 0"><span class='ocrx_word' id='word_1_1' title='bbox 888 117 983 161; x_wconf 78' lang='lat'>357</span> 
     </span>
    </p>
   </div>
   <div class='ocr_carea' id='block_1_2' title="bbox 83 237 1792 613">
    <p class='ocr_par' dir='ltr' id='par_1_2' title="bbox 83 237 1792 613">
     <span class='ocr_line' id='line_1_2' title="bbox 88 237 1792 286; baseline 0 -10"><span class='ocrx_word' id='word_1_2' title='bbox 88 241 263 276; x_wconf 90' lang='lat' dir='ltr'>subulatis</span> <span class='ocrx_word' id='word_1_3' title='bbox 290 237 609 285; x_wconf 78' lang='lat' dir='ltr'>subpungentibus,</span> <span class='ocrx_word' id='word_1_4' title='bbox 642 237 898 284; x_wconf 83' lang='lat' dir='ltr'>integerrimis,</span> <span class='ocrx_word' id='word_1_5' title='bbox 923 239 1255 281; x_wconf 87' lang='lat' dir='ltr'>nervoso-striatis,</span> <span class='ocrx_word' id='word_1_6' title='bbox 1291 238 1424 281; x_wconf 82' lang='lat' dir='ltr'>glabris</span> <span class='ocrx_word' id='word_1_7' title='bbox 1447 252 1478 274; x_wconf 87' lang='lat' dir='ltr'>v.</span> <span class='ocrx_word' id='word_1_8' title='bbox 1509 240 1792 286; x_wconf 84' lang='lat' dir='ltr'>rigido-ciliatis,</span> 
     </span>
     <span class='ocr_line' id='line_1_3' title="bbox 85 284 1791 332; baseline -0.001 -8"><span class='ocrx_word' id='word_1_9' title='bbox 85 288 236 324; x_wconf 83' lang='lat' dir='ltr'>obscure</span> <span class='ocrx_word' id='word_1_10' title='bbox 262 287 470 327; x_wconf 86' lang='lat' dir='ltr'>virentibus;</span> <span class='ocrx_word' id='word_1_11' title='bbox 496 284 703 329; x_wconf 86' lang='lat' dir='ltr'>pedunculis</span> <span class='ocrx_word' id='word_1_12' title='bbox 728 285 884 319; x_wconf 80' lang='lat' dir='ltr'>robustis</span> <span class='ocrx_word' id='word_1_13' title='bbox 902 287 1030 321; x_wconf 88' lang='lat' dir='ltr'>erectis</span> <span class='ocrx_word' id='word_1_14' title='bbox 1049 288 1163 321; x_wconf 86' lang='grc'>1-3”</span> <span class='ocrx_word' id='word_1_15' title='bbox 1181 286 1203 320; x_wconf 93' lang='lat' dir='ltr'>l.</span> <span class='ocrx_word' id='word_1_16' title='bbox 1228 286 1314 319; x_wconf 83' lang='lat' dir='ltr'>folia</span> <span class='ocrx_word' id='word_1_17' title='bbox 1336 287 1595 330; x_wconf 79' lang='lat' dir='ltr'>superantibus,</span> <span class='ocrx_word' id='word_1_18' title='bbox 1621 287 1791 332; x_wconf 87' lang='lat' dir='ltr'>adpresse</span> 
     </span>
     <span class='ocr_line' id='line_1_4' title="bbox 85 330 1791 379; baseline -0.001 -9"><span class='ocrx_word' id='word_1_19' title='bbox 85 340 121 370; x_wconf 88' lang='lat' dir='ltr'>et</span> <span class='ocrx_word' id='word_1_20' title='bbox 145 332 510 379; x_wconf 88' lang='lat' dir='ltr'>crispulo-puberulis,</span> <span class='ocrx_word' id='word_1_21' title='bbox 537 331 644 375; x_wconf 91' lang='lat' dir='ltr'>spicis</span> <span class='ocrx_word' id='word_1_22' title='bbox 669 331 876 376; x_wconf 85' lang='lat' dir='ltr'>cylindricis</span> <span class='ocrx_word' id='word_1_23' title='bbox 907 330 1065 376; x_wconf 52' lang='lat' dir='ltr'>¹l3—&#39;5ls‘</span> <span class='ocrx_word' id='word_1_24' title='bbox 1084 333 1106 367; x_wconf 94' lang='lat' dir='ltr'>l.</span> <span class='ocrx_word' id='word_1_25' title='bbox 1133 333 1337 378; x_wconf 84' lang='lat' dir='ltr'>compactis,</span> <span class='ocrx_word' id='word_1_26' title='bbox 1364 334 1517 368; x_wconf 77' lang='lat' dir='ltr'>bracteis</span> <span class='ocrx_word' id='word_1_27' title='bbox 1542 334 1791 377; x_wconf 85' lang='lat' dir='ltr'>glabriusculis</span> 
     </span>
     <span class='ocr_line' id='line_1_5' title="bbox 85 378 1791 425; baseline 0 -8"><span class='ocrx_word' id='word_1_28' title='bbox 85 381 322 417; x_wconf 83' lang='lat' dir='ltr'>exsiccatione</span> <span class='ocrx_word' id='word_1_29' title='bbox 346 378 619 423; x_wconf 88' lang='lat' dir='ltr'>nigricantibus,</span> <span class='ocrx_word' id='word_1_30' title='bbox 656 379 998 415; x_wconf 86' lang='lat' dir='ltr'>ovato-lanceolatis</span> <span class='ocrx_word' id='word_1_31' title='bbox 1031 379 1348 425; x_wconf 84' lang='lat' dir='ltr'>cymbaeformibus</span> <span class='ocrx_word' id='word_1_32' title='bbox 1373 381 1587 415; x_wconf 88' lang='lat' dir='ltr'>mucronatis</span> <span class='ocrx_word' id='word_1_33' title='bbox 1613 382 1791 425; x_wconf 87' lang='lat' dir='ltr'>(mucrone</span> 
     </span>
     <span class='ocr_line' id='line_1_6' title="bbox 84 425 1790 474; baseline -0.001 -9"><span class='ocrx_word' id='word_1_34' title='bbox 84 440 191 474; x_wconf 86' lang='lat' dir='ltr'>saepe</span> <span class='ocrx_word' id='word_1_35' title='bbox 216 427 398 473; x_wconf 90' lang='lat' dir='ltr'>paululum</span> <span class='ocrx_word' id='word_1_36' title='bbox 423 425 592 470; x_wconf 88' lang='lat' dir='ltr'>incurvo),</span> <span class='ocrx_word' id='word_1_37' title='bbox 621 425 802 469; x_wconf 88' lang='lat' dir='ltr'>carinatis,</span> <span class='ocrx_word' id='word_1_38' title='bbox 828 426 906 460; x_wconf 88' lang='lat' dir='ltr'>basi</span> <span class='ocrx_word' id='word_1_39' title='bbox 930 432 1078 470; x_wconf 78' lang='lat' dir='ltr'>anguste</span> <span class='ocrx_word' id='word_1_40' title='bbox 1102 427 1608 473; x_wconf 85' lang='lat' dir='ltr'>membranaceo-marginatis,</span> <span class='ocrx_word' id='word_1_41' title='bbox 1632 428 1790 473; x_wconf 86' lang='lat' dir='ltr'>calycem</span> 
     </span>
     <span class='ocr_line' id='line_1_7' title="bbox 84 472 1790 520; baseline -0.001 -9"><span class='ocrx_word' id='word_1_42' title='bbox 84 475 315 520; x_wconf 86' lang='lat' dir='ltr'>aequantibus</span> <span class='ocrx_word' id='word_1_43' title='bbox 340 485 369 508; x_wconf 92' lang='lat' dir='ltr'>v.</span> <span class='ocrx_word' id='word_1_44' title='bbox 396 472 580 517; x_wconf 88' lang='lat' dir='ltr'>paululum</span> <span class='ocrx_word' id='word_1_45' title='bbox 612 473 878 516; x_wconf 84' lang='lat' dir='ltr'>superantibus:</span> <span class='ocrx_word' id='word_1_46' title='bbox 913 474 1105 517; x_wconf 83' lang='lat' dir='ltr'>segmentis</span> <span class='ocrx_word' id='word_1_47' title='bbox 1140 474 1249 518; x_wconf 86' lang='lat' dir='ltr'>calyc.</span> <span class='ocrx_word' id='word_1_48' title='bbox 1284 474 1431 518; x_wconf 87' lang='lat' dir='ltr'>posticis</span> <span class='ocrx_word' id='word_1_49' title='bbox 1457 475 1615 517; x_wconf 75' lang='lat' dir='ltr'>margine</span> <span class='ocrx_word' id='word_1_50' title='bbox 1640 480 1790 519; x_wconf 90' lang='lat' dir='ltr'>utroque</span> 
     </span>
     <span class='ocr_line' id='line_1_8' title="bbox 83 519 1790 565; baseline -0.001 -7"><span class='ocrx_word' id='word_1_51' title='bbox 83 524 155 558; x_wconf 88' lang='lat' dir='ltr'>late</span> <span class='ocrx_word' id='word_1_52' title='bbox 183 520 479 564; x_wconf 76' lang='lat' dir='ltr'>membranaceis,</span> <span class='ocrx_word' id='word_1_53' title='bbox 513 519 615 554; x_wconf 87' lang='lat' dir='ltr'>dorso</span> <span class='ocrx_word' id='word_1_54' title='bbox 641 520 788 554; x_wconf 80' lang='lat' dir='ltr'>obscure</span> <span class='ocrx_word' id='word_1_55' title='bbox 812 520 945 554; x_wconf 85' lang='lat' dir='ltr'>virente</span> <span class='ocrx_word' id='word_1_56' title='bbox 970 527 1143 565; x_wconf 80' lang='lat' dir='ltr'>acuteque</span> <span class='ocrx_word' id='word_1_57' title='bbox 1169 520 1329 555; x_wconf 87' lang='lat' dir='ltr'>carinato</span> <span class='ocrx_word' id='word_1_58' title='bbox 1355 520 1492 565; x_wconf 89' lang='lat' dir='ltr'>ciliato,</span> <span class='ocrx_word' id='word_1_59' title='bbox 1519 521 1610 556; x_wconf 89' lang='lat' dir='ltr'>lobis</span> <span class='ocrx_word' id='word_1_60' title='bbox 1635 521 1790 557; x_wconf 88' lang='lat' dir='ltr'>corollae</span> 
     </span>
     <span class='ocr_line' id='line_1_9' title="bbox 83 566 1443 613; baseline -0.003 -8"><span class='ocrx_word' id='word_1_61' title='bbox 83 567 409 605; x_wconf 88' lang='lat' dir='ltr'>ovato-lanceolatis</span> <span class='ocrx_word' id='word_1_62' title='bbox 435 566 656 609; x_wconf 88' lang='lat' dir='ltr'>acuminatis,</span> <span class='ocrx_word' id='word_1_63' title='bbox 683 567 830 611; x_wconf 77' lang='lat' dir='ltr'>capsula</span> <span class='ocrx_word' id='word_1_64' title='bbox 856 568 1118 612; x_wconf 87' lang='lat' dir='ltr'>seminibusque</span> <span class='ocrx_word' id='word_1_65' title='bbox 1144 567 1443 613; x_wconf 87' lang='lat' dir='ltr'>praecedentium.</span> 
     </span>
    </p>
   </div>
   <div class='ocr_carea' id='block_1_3' title="bbox 221 623 1790 857">
    <p class='ocr_par' dir='ltr' id='par_1_3' title="bbox 221 623 1790 857">
     <span class='ocr_line' id='line_1_10' title="bbox 221 623 1789 671; baseline 0 -11"><span class='ocrx_word' id='word_1_66' title='bbox 221 629 259 670; x_wconf 80' lang='grc' dir='ltr'>β.</span> <span class='ocrx_word' id='word_1_67' title='bbox 287 623 519 660; x_wconf 89' lang='lat' dir='ltr'>insularis</span> <span class='ocrx_word' id='word_1_68' title='bbox 545 624 616 659; x_wconf 83' lang='lat' dir='ltr'>GR.</span> <span class='ocrx_word' id='word_1_69' title='bbox 643 623 772 659; x_wconf 84' lang='lat' dir='ltr'>GODR.</span> <span class='ocrx_word' id='word_1_70' title='bbox 797 624 820 659; x_wconf 84' lang='lat' dir='ltr'>l.</span> <span class='ocrx_word' id='word_1_71' title='bbox 840 636 886 669; x_wconf 82' lang='lat' dir='ltr'>c.,</span> <span class='ocrx_word' id='word_1_72' title='bbox 911 625 1004 661; x_wconf 87' lang='lat' dir='ltr'>foliis</span> <span class='ocrx_word' id='word_1_73' title='bbox 1031 626 1246 661; x_wconf 83' lang='lat' dir='ltr'>abbreviatis</span> <span class='ocrx_word' id='word_1_74' title='bbox 1273 626 1519 668; x_wconf 81' lang='lat' dir='ltr'>crassioribus,</span> <span class='ocrx_word' id='word_1_75' title='bbox 1543 625 1691 670; x_wconf 83' lang='lat' dir='ltr'>obtusis,</span> <span class='ocrx_word' id='word_1_76' title='bbox 1718 626 1789 671; x_wconf 89' lang='lat' dir='ltr'>spi-</span> 
     </span>
     <span class='ocr_line' id='line_1_11' title="bbox 290 671 1790 718; baseline 0 -11"><span class='ocrx_word' id='word_1_77' title='bbox 290 672 342 708; x_wconf 88' lang='lat' dir='ltr'>cis</span> <span class='ocrx_word' id='word_1_78' title='bbox 374 671 533 714; x_wconf 81' lang='lat' dir='ltr'>oblongis</span> <span class='ocrx_word' id='word_1_79' title='bbox 571 671 793 716; x_wconf 84' lang='lat' dir='ltr'>paucifloris,</span> <span class='ocrx_word' id='word_1_80' title='bbox 827 671 983 708; x_wconf 82' lang='lat' dir='ltr'>bracteis</span> <span class='ocrx_word' id='word_1_81' title='bbox 1008 673 1258 708; x_wconf 88' lang='lat' dir='ltr'>obtusiusculis</span> <span class='ocrx_word' id='word_1_82' title='bbox 1283 673 1560 718; x_wconf 86' lang='lat' dir='ltr'>pubescentibus</span> <span class='ocrx_word' id='word_1_83' title='bbox 1586 673 1637 717; x_wconf 92' lang='lat' dir='ltr'>(P.</span> <span class='ocrx_word' id='word_1_84' title='bbox 1662 673 1790 708; x_wconf 90' lang='lat' dir='ltr'>incana</span> 
     </span>
     <span class='ocr_line' id='line_1_12' title="bbox 289 718 1786 764; baseline 0.002 -12"><span class='ocrx_word' id='word_1_85' title='bbox 289 719 321 753; x_wconf 75' lang='lat'>6.</span> <span class='ocrx_word' id='word_1_86' title='bbox 348 718 556 763; x_wconf 83' lang='lat' dir='ltr'>capitellata</span> <span class='ocrx_word' id='word_1_87' title='bbox 582 718 755 763; x_wconf 80' lang='lat' dir='ltr'>SALISB.,</span> <span class='ocrx_word' id='word_1_88' title='bbox 780 719 818 753; x_wconf 94' lang='lat' dir='ltr'>P.</span> <span class='ocrx_word' id='word_1_89' title='bbox 845 719 1052 763; x_wconf 85' lang='lat' dir='ltr'>capitellata</span> <span class='ocrx_word' id='word_1_90' title='bbox 1083 721 1261 759; x_wconf 80' lang='lat' dir='ltr'>SOLEIR..</span> <span class='ocrx_word' id='word_1_91' title='bbox 1286 721 1334 764; x_wconf 86' lang='lat' dir='ltr'>pl.</span> <span class='ocrx_word' id='word_1_92' title='bbox 1361 720 1458 755; x_wconf 87' lang='lat' dir='ltr'>Cors.</span> <span class='ocrx_word' id='word_1_93' title='bbox 1485 731 1558 756; x_wconf 82' lang='lat' dir='ltr'>exs,</span> <span class='ocrx_word' id='word_1_94' title='bbox 1585 721 1698 755; x_wconf 82' lang='lat'>3579!</span> <span class='ocrx_word' id='word_1_95' title='bbox 1747 720 1786 755; x_wconf 88' lang='lat' dir='ltr'>P.</span> 
     </span>
     <span class='ocr_line' id='line_1_13' title="bbox 289 765 1786 812; baseline 0.001 -12"><span class='ocrx_word' id='word_1_96' title='bbox 289 765 454 800; x_wconf 88' lang='lat' dir='ltr'>subulata</span> <span class='ocrx_word' id='word_1_97' title='bbox 489 767 528 808; x_wconf 80' lang='grc' dir='ltr'>β.</span> <span class='ocrx_word' id='word_1_98' title='bbox 565 765 773 810; x_wconf 81' lang='lat' dir='ltr'>capitellata</span> <span class='ocrx_word' id='word_1_99' title='bbox 806 766 954 801; x_wconf 78' lang='lat' dir='ltr'>DOSNE.</span> <span class='ocrx_word' id='word_1_100' title='bbox 993 767 1014 802; x_wconf 92' lang='lat' dir='ltr'>l.</span> <span class='ocrx_word' id='word_1_101' title='bbox 1042 778 1070 802; x_wconf 92' lang='lat' dir='ltr'>c.</span> <span class='ocrx_word' id='word_1_102' title='bbox 1105 778 1149 802; x_wconf 82' lang='lat' dir='ltr'>ex</span> <span class='ocrx_word' id='word_1_103' title='bbox 1180 780 1236 812; x_wconf 88' lang='lat' dir='ltr'>p.,</span> <span class='ocrx_word' id='word_1_104' title='bbox 1272 767 1311 802; x_wconf 87' lang='grc' dir='ltr'>Ρ.</span> <span class='ocrx_word' id='word_1_105' title='bbox 1345 767 1550 812; x_wconf 89' lang='lat' dir='ltr'>serpentina</span> <span class='ocrx_word' id='word_1_106' title='bbox 1579 766 1705 801; x_wconf 82' lang='lat' dir='ltr'>ORPH.</span> <span class='ocrx_word' id='word_1_107' title='bbox 1730 767 1786 802; x_wconf 73' lang='grc' dir='ltr'>ΕΙ.</span> 
     </span>
     <span class='ocr_line' id='line_1_14' title="bbox 290 812 734 857; baseline 0 -10"><span class='ocrx_word' id='word_1_108' title='bbox 290 823 406 857; x_wconf 88' lang='lat' dir='ltr'>graec.</span> <span class='ocrx_word' id='word_1_109' title='bbox 433 812 561 847; x_wconf 80' lang='lat' dir='ltr'>exsicc.</span> <span class='ocrx_word' id='word_1_110' title='bbox 586 824 619 846; x_wconf 90' lang='lat' dir='ltr'>n.</span> <span class='ocrx_word' id='word_1_111' title='bbox 641 812 734 857; x_wconf 67' lang='lat'>123),</span> 
     </span>
    </p>
   </div>
   <div class='ocr_carea' id='block_1_4' title="bbox 221 869 1787 1197">
    <p class='ocr_par' dir='ltr' id='par_1_4' title="bbox 221 869 1787 1197">
     <span class='ocr_line' id='line_1_15' title="bbox 221 869 1785 918; baseline 0.001 -12"><span class='ocrx_word' id='word_1_112' title='bbox 221 885 256 918; x_wconf 49' lang='grc' dir='ltr'>θ’.</span> <span class='ocrx_word' id='word_1_113' title='bbox 285 869 592 915; x_wconf 73' lang='lat' dir='ltr'>granatensis,</span> <span class='ocrx_word' id='word_1_114' title='bbox 619 870 712 905; x_wconf 90' lang='lat' dir='ltr'>foliis</span> <span class='ocrx_word' id='word_1_115' title='bbox 737 870 950 906; x_wconf 88' lang='lat' dir='ltr'>abbreviatis</span> <span class='ocrx_word' id='word_1_116' title='bbox 975 872 1088 906; x_wconf 88' lang='lat' dir='ltr'>acutis</span> <span class='ocrx_word' id='word_1_117' title='bbox 1107 871 1188 916; x_wconf 89' lang='lat' dir='ltr'>plus</span> <span class='ocrx_word' id='word_1_118' title='bbox 1204 871 1318 906; x_wconf 89' lang='lat' dir='ltr'>minus</span> <span class='ocrx_word' id='word_1_119' title='bbox 1335 871 1785 917; x_wconf 84' lang='lat' dir='ltr'>hispido-pubescentibus,</span> 
     </span>
     <span class='ocr_line' id='line_1_16' title="bbox 285 916 1787 964; baseline 0.001 -12"><span class='ocrx_word' id='word_1_120' title='bbox 285 916 495 962; x_wconf 83' lang='lat' dir='ltr'>pedunculis</span> <span class='ocrx_word' id='word_1_121' title='bbox 517 916 654 958; x_wconf 71' lang='lat' dir='ltr'>¹s2—2&#39;‘</span> <span class='ocrx_word' id='word_1_122' title='bbox 668 918 690 952; x_wconf 90' lang='lat'>1.</span> <span class='ocrx_word' id='word_1_123' title='bbox 716 916 1013 952; x_wconf 82' lang='lat' dir='ltr'>adscendentibus</span> <span class='ocrx_word' id='word_1_124' title='bbox 1038 930 1067 952; x_wconf 93' lang='lat' dir='ltr'>v.</span> <span class='ocrx_word' id='word_1_125' title='bbox 1095 918 1243 963; x_wconf 81' lang='lat' dir='ltr'>diffusis,</span> <span class='ocrx_word' id='word_1_126' title='bbox 1271 919 1375 962; x_wconf 89' lang='lat' dir='ltr'>spicis</span> <span class='ocrx_word' id='word_1_127' title='bbox 1401 919 1614 964; x_wconf 69' lang='lat' dir='ltr'>cylindricis,</span> <span class='ocrx_word' id='word_1_128' title='bbox 1640 918 1787 954; x_wconf 87' lang='lat' dir='ltr'>floribus</span> 
     </span>
     <span class='ocr_line' id='line_1_17' title="bbox 287 964 1787 1010; baseline 0.001 -11"><span class='ocrx_word' id='word_1_129' title='bbox 287 964 492 1009; x_wconf 78' lang='lat' dir='ltr'>minoribus,</span> <span class='ocrx_word' id='word_1_130' title='bbox 518 964 675 999; x_wconf 84' lang='lat' dir='ltr'>bracteis</span> <span class='ocrx_word' id='word_1_131' title='bbox 702 965 821 1009; x_wconf 71' lang='lat' dir='ltr'>calyce</span> <span class='ocrx_word' id='word_1_132' title='bbox 846 964 976 999; x_wconf 89' lang='lat' dir='ltr'>triente</span> <span class='ocrx_word' id='word_1_133' title='bbox 1001 965 1215 1000; x_wconf 86' lang='lat' dir='ltr'>brevioribus</span> <span class='ocrx_word' id='word_1_134' title='bbox 1241 965 1354 999; x_wconf 86' lang='lat' dir='ltr'>acutis</span> <span class='ocrx_word' id='word_1_135' title='bbox 1380 966 1437 999; x_wconf 62' lang='lat' dir='ltr'>vix</span> <span class='ocrx_word' id='word_1_136' title='bbox 1454 966 1622 1001; x_wconf 88' lang='lat' dir='ltr'>carinatis</span> <span class='ocrx_word' id='word_1_137' title='bbox 1647 966 1699 1010; x_wconf 90' lang='lat' dir='ltr'>(P.</span> <span class='ocrx_word' id='word_1_138' title='bbox 1714 976 1787 1000; x_wconf 91' lang='lat' dir='ltr'>ser-</span> 
     </span>
     <span class='ocr_line' id='line_1_18' title="bbox 285 1010 1785 1056; baseline 0.001 -10"><span class='ocrx_word' id='word_1_139' title='bbox 285 1011 430 1055; x_wconf 88' lang='lat' dir='ltr'>pentina</span> <span class='ocrx_word' id='word_1_140' title='bbox 447 1010 533 1045; x_wconf 84' lang='lat' dir='ltr'>BSS.</span> <span class='ocrx_word' id='word_1_141' title='bbox 552 1011 641 1056; x_wconf 84' lang='lat' dir='ltr'>Voy.</span> <span class='ocrx_word' id='word_1_142' title='bbox 660 1011 747 1055; x_wconf 89' lang='lat' dir='ltr'>Esp.</span> <span class='ocrx_word' id='word_1_143' title='bbox 772 1024 805 1056; x_wconf 87' lang='lat' dir='ltr'>p.</span> <span class='ocrx_word' id='word_1_144' title='bbox 824 1011 905 1046; x_wconf 84' lang='lat'>536!</span> <span class='ocrx_word' id='word_1_145' title='bbox 931 1023 1000 1046; x_wconf 90' lang='lat' dir='ltr'>non</span> <span class='ocrx_word' id='word_1_146' title='bbox 1026 1012 1137 1046; x_wconf 89' lang='lat' dir='ltr'>VILL.</span> <span class='ocrx_word' id='word_1_147' title='bbox 1161 1022 1225 1047; x_wconf 90' lang='lat' dir='ltr'>nec</span> <span class='ocrx_word' id='word_1_148' title='bbox 1249 1011 1396 1047; x_wconf 64' lang='lat' dir='ltr'>LAtffl..</span> <span class='ocrx_word' id='word_1_149' title='bbox 1421 1012 1460 1047; x_wconf 88' lang='lat' dir='ltr'>P.</span> <span class='ocrx_word' id='word_1_150' title='bbox 1475 1013 1641 1048; x_wconf 88' lang='lat' dir='ltr'>subulata</span> <span class='ocrx_word' id='word_1_151' title='bbox 1658 1013 1785 1047; x_wconf 83' lang='lat' dir='ltr'>BROT.</span> 
     </span>
     <span class='ocr_line' id='line_1_19' title="bbox 284 1057 1786 1104; baseline 0.002 -12"><span class='ocrx_word' id='word_1_152' title='bbox 284 1058 338 1092; x_wconf 89' lang='lat' dir='ltr'>Fl.</span> <span class='ocrx_word' id='word_1_153' title='bbox 371 1057 466 1092; x_wconf 87' lang='lat' dir='ltr'>lusit.</span> <span class='ocrx_word' id='word_1_154' title='bbox 499 1063 590 1092; x_wconf 88' lang='lat' dir='ltr'>teste</span> <span class='ocrx_word' id='word_1_155' title='bbox 614 1059 700 1092; x_wconf 82' lang='lat' dir='ltr'>BSS.</span> <span class='ocrx_word' id='word_1_156' title='bbox 737 1063 771 1092; x_wconf 90' lang='lat' dir='ltr'>et</span> <span class='ocrx_word' id='word_1_157' title='bbox 797 1057 910 1092; x_wconf 61' lang='lat' dir='ltr'>WVBB.</span> <span class='ocrx_word' id='word_1_158' title='bbox 937 1058 980 1093; x_wconf 91' lang='lat' dir='ltr'>It.</span> <span class='ocrx_word' id='word_1_159' title='bbox 1005 1070 1074 1093; x_wconf 90' lang='lat' dir='ltr'>non</span> <span class='ocrx_word' id='word_1_160' title='bbox 1101 1058 1169 1102; x_wconf 87' lang='lat' dir='ltr'>L.).</span> <span class='ocrx_word' id='word_1_161' title='bbox 1219 1059 1403 1104; x_wconf 87' lang='lat' dir='ltr'>Caespites</span> <span class='ocrx_word' id='word_1_162' title='bbox 1438 1059 1626 1103; x_wconf 87' lang='lat' dir='ltr'>depressos</span> <span class='ocrx_word' id='word_1_163' title='bbox 1652 1059 1786 1095; x_wconf 87' lang='lat' dir='ltr'>densis—</span> 
     </span>
     <span class='ocr_line' id='line_1_20' title="bbox 284 1104 1785 1185; baseline 0.001 -46"><span class='ocrx_word' id='word_1_164' title='bbox 284 1105 403 1185; x_wconf 89' lang='lat' dir='ltr'>simosl</span> <span class='ocrx_word' id='word_1_165' title='bbox 423 1110 624 1149; x_wconf 87' lang='lat' dir='ltr'>compactos</span> <span class='ocrx_word' id='word_1_166' title='bbox 659 1104 779 1140; x_wconf 86' lang='lat' dir='ltr'>efficit.</span> <span class='ocrx_word' id='word_1_167' title='bbox 803 1104 1025 1140; x_wconf 86' lang='lat' dir='ltr'>Rhizomatis</span> <span class='ocrx_word' id='word_1_168' title='bbox 1057 1116 1140 1150; x_wconf 91' lang='lat' dir='ltr'>pars</span> <span class='ocrx_word' id='word_1_169' title='bbox 1173 1107 1403 1141; x_wconf 84' lang='lat' dir='ltr'>subterranea</span> <span class='ocrx_word' id='word_1_170' title='bbox 1435 1106 1670 1142; x_wconf 84' lang='lat' dir='ltr'>radiciformis</span> <span class='ocrx_word' id='word_1_171' title='bbox 1703 1107 1785 1142; x_wconf 90' lang='lat' dir='ltr'>sim-</span> 
     </span>
     <span class='ocr_line' id='line_1_21' title="bbox 283 1152 507 1197; baseline -0.004 -11"><span class='ocrx_word' id='word_1_172' title='bbox 283 1152 368 1197; x_wconf 85' lang='lat' dir='ltr'>plex</span> <span class='ocrx_word' id='word_1_173' title='bbox 406 1161 507 1195; x_wconf 87' lang='lat' dir='ltr'>onga.</span> 
     </span>
    </p>
   </div>
   <div class='ocr_carea' id='block_1_5' title="bbox 119 1208 1785 1490">
    <p class='ocr_par' dir='ltr' id='par_1_5' title="bbox 119 1208 1785 1490">
     <span class='ocr_line' id='line_1_22' title="bbox 168 1208 1783 1255; baseline 0.002 -13"><span class='ocrx_word' id='word_1_174' title='bbox 168 1208 211 1243; x_wconf 94' lang='lat' dir='ltr'>In</span> <span class='ocrx_word' id='word_1_175' title='bbox 234 1210 456 1254; x_wconf 86' lang='lat' dir='ltr'>rupestribus</span> <span class='ocrx_word' id='word_1_176' title='bbox 471 1209 714 1254; x_wconf 87' lang='lat' dir='ltr'>glareosisque</span> <span class='ocrx_word' id='word_1_177' title='bbox 731 1209 873 1254; x_wconf 81' lang='lat' dir='ltr'>apricis,</span> <span class='ocrx_word' id='word_1_178' title='bbox 906 1210 1019 1244; x_wconf 89' lang='lat' dir='ltr'>forma</span> <span class='ocrx_word' id='word_1_179' title='bbox 1036 1211 1206 1255; x_wconf 84' lang='lat' dir='ltr'>primaria</span> <span class='ocrx_word' id='word_1_180' title='bbox 1222 1211 1258 1245; x_wconf 90' lang='lat' dir='ltr'>in</span> <span class='ocrx_word' id='word_1_181' title='bbox 1275 1212 1417 1255; x_wconf 75' lang='lat' dir='ltr'>regione</span> <span class='ocrx_word' id='word_1_182' title='bbox 1435 1210 1536 1245; x_wconf 85' lang='lat' dir='ltr'>infer.</span> <span class='ocrx_word' id='word_1_183' title='bbox 1553 1210 1783 1246; x_wconf 89' lang='lat' dir='ltr'>Catalauniae</span> 
     </span>
     <span class='ocr_line' id='line_1_23' title="bbox 123 1256 1782 1303; baseline 0.001 -13"><span class='ocrx_word' id='word_1_184' title='bbox 123 1256 331 1302; x_wconf 87' lang='lat' dir='ltr'>(Monjuich,</span> <span class='ocrx_word' id='word_1_185' title='bbox 359 1257 489 1301; x_wconf 84' lang='lat' dir='ltr'>CSTA.)</span> <span class='ocrx_word' id='word_1_186' title='bbox 517 1261 552 1292; x_wconf 91' lang='lat' dir='ltr'>et</span> <span class='ocrx_word' id='word_1_187' title='bbox 577 1257 670 1291; x_wconf 89' lang='lat' dir='ltr'>Cast.</span> <span class='ocrx_word' id='word_1_188' title='bbox 695 1268 771 1291; x_wconf 90' lang='lat' dir='ltr'>nov.</span> <span class='ocrx_word' id='word_1_189' title='bbox 799 1256 933 1299; x_wconf 84' lang='lat' dir='ltr'>(Sierra</span> <span class='ocrx_word' id='word_1_190' title='bbox 958 1256 1000 1291; x_wconf 90' lang='lat' dir='ltr'>de</span> <span class='ocrx_word' id='word_1_191' title='bbox 1020 1258 1185 1303; x_wconf 83' lang='lat' dir='ltr'>Alcaraz,</span> <span class='ocrx_word' id='word_1_192' title='bbox 1210 1258 1332 1303; x_wconf 77' lang='lat' dir='ltr'>FK.!);</span> <span class='ocrx_word' id='word_1_193' title='bbox 1353 1278 1397 1282; x_wconf 91' lang='lat'>—</span> <span class='ocrx_word' id='word_1_194' title='bbox 1416 1269 1487 1293; x_wconf 82' lang='lat' dir='ltr'>var.</span> <span class='ocrx_word' id='word_1_195' title='bbox 1514 1260 1550 1300; x_wconf 76' lang='grc' dir='ltr'>β.</span> <span class='ocrx_word' id='word_1_196' title='bbox 1577 1258 1613 1292; x_wconf 92' lang='lat' dir='ltr'>in</span> <span class='ocrx_word' id='word_1_197' title='bbox 1637 1258 1782 1293; x_wconf 89' lang='lat' dir='ltr'>montib.</span> 
     </span>
     <span class='ocr_line' id='line_1_24' title="bbox 120 1303 1785 1350; baseline 0.002 -13"><span class='ocrx_word' id='word_1_198' title='bbox 120 1303 286 1338; x_wconf 87' lang='lat' dir='ltr'>Corsicae</span> <span class='ocrx_word' id='word_1_199' title='bbox 313 1310 348 1339; x_wconf 90' lang='lat' dir='ltr'>et</span> <span class='ocrx_word' id='word_1_200' title='bbox 374 1303 547 1338; x_wconf 87' lang='lat' dir='ltr'>Graeciae</span> <span class='ocrx_word' id='word_1_201' title='bbox 572 1303 616 1338; x_wconf 89' lang='lat' dir='ltr'>ad</span> <span class='ocrx_word' id='word_1_202' title='bbox 641 1303 701 1338; x_wconf 88' lang='lat' dir='ltr'>alt.</span> <span class='ocrx_word' id='word_1_203' title='bbox 722 1303 915 1348; x_wconf 83' lang='lat'>5-7000¹;</span> <span class='ocrx_word' id='word_1_204' title='bbox 942 1323 987 1328; x_wconf 84' lang='lat'>-—</span> <span class='ocrx_word' id='word_1_205' title='bbox 1012 1315 1085 1339; x_wconf 88' lang='lat' dir='ltr'>var.</span> <span class='ocrx_word' id='word_1_206' title='bbox 1112 1318 1147 1347; x_wconf 60' lang='lat' dir='ltr'>§r-</span> <span class='ocrx_word' id='word_1_207' title='bbox 1174 1306 1210 1340; x_wconf 91' lang='lat' dir='ltr'>in</span> <span class='ocrx_word' id='word_1_208' title='bbox 1233 1306 1377 1349; x_wconf 80' lang='lat' dir='ltr'>regione</span> <span class='ocrx_word' id='word_1_209' title='bbox 1401 1305 1524 1350; x_wconf 86' lang='lat' dir='ltr'>alpina</span> <span class='ocrx_word' id='word_1_210' title='bbox 1549 1305 1690 1340; x_wconf 86' lang='lat' dir='ltr'>Sierrae</span> <span class='ocrx_word' id='word_1_211' title='bbox 1714 1304 1785 1340; x_wconf 91' lang='lat' dir='ltr'>Ne-</span> 
     </span>
     <span class='ocr_line' id='line_1_25' title="bbox 119 1350 1778 1435; baseline 0.001 -51"><span class='ocrx_word' id='word_1_212' title='bbox 119 1350 233 1431; x_wconf 55' lang='lat' dir='ltr'>vaclTaq</span> <span class='ocrx_word' id='word_1_213' title='bbox 251 1351 387 1432; x_wconf 42' lang='lat' dir='ltr'>{IAzltllt</span> <span class='ocrx_word' id='word_1_214' title='bbox 414 1350 614 1435; x_wconf 30' lang='lat' dir='ltr'>eylvocoo‘</span> <span class='ocrx_word' id='word_1_215' title='bbox 637 1350 751 1395; x_wconf 84' lang='lat' dir='ltr'>frequ.</span> <span class='ocrx_word' id='word_1_216' title='bbox 778 1350 921 1395; x_wconf 84' lang='lat' dir='ltr'>(WBB.!</span> <span class='ocrx_word' id='word_1_217' title='bbox 955 1351 1063 1387; x_wconf 86' lang='lat' dir='ltr'>Bss.!</span> <span class='ocrx_word' id='word_1_218' title='bbox 1097 1351 1205 1395; x_wconf 82' lang='lat' dir='ltr'>WK.,</span> <span class='ocrx_word' id='word_1_219' title='bbox 1231 1352 1320 1388; x_wconf 66' lang='lat' dir='ltr'>FK!</span> <span class='ocrx_word' id='word_1_220' title='bbox 1354 1353 1527 1388; x_wconf 56' lang='lat' dir='ltr'>Bonna!</span> <span class='ocrx_word' id='word_1_221' title='bbox 1554 1351 1707 1395; x_wconf 58' lang='lat' dir='ltr'>Ama).</span> <span class='ocrx_word' id='word_1_222' title='bbox 1733 1372 1778 1377; x_wconf 90' lang='lat'>—</span> 
     </span>
     <span class='ocr_line' id='line_1_26' title="bbox 122 1407 1779 1490; baseline 0.001 -12"><span class='ocrx_word' id='word_1_223' title='bbox 122 1407 144 1436; x_wconf 48' lang='lat'>4</span> <span class='ocrx_word' id='word_1_224' title='bbox 165 1409 255 1480; x_wconf 49' lang='lat' dir='ltr'>Hi‘aib.</span> <span class='ocrx_word' id='word_1_225' title='bbox 282 1409 385 1490; x_wconf 40' lang='lat' dir='ltr'>sper?</span> <span class='ocrx_word' id='word_1_226' title='bbox 401 1445 438 1479; x_wconf 89' lang='lat' dir='ltr'>in</span> <span class='ocrx_word' id='word_1_227' title='bbox 463 1426 559 1479; x_wconf 86' lang='lat' dir='ltr'>Gall.</span> <span class='ocrx_word' id='word_1_228' title='bbox 584 1443 750 1489; x_wconf 74' lang='lat' dir='ltr'>australi,</span> <span class='ocrx_word' id='word_1_229' title='bbox 775 1455 811 1490; x_wconf 72' lang='lat'>2¹·</span> <span class='ocrx_word' id='word_1_230' title='bbox 838 1455 976 1489; x_wconf 89' lang='lat' dir='ltr'>quoque</span> <span class='ocrx_word' id='word_1_231' title='bbox 1000 1445 1037 1479; x_wconf 86' lang='lat' dir='ltr'>in</span> <span class='ocrx_word' id='word_1_232' title='bbox 1061 1450 1179 1481; x_wconf 91' lang='lat' dir='ltr'>monte</span> <span class='ocrx_word' id='word_1_233' title='bbox 1203 1445 1414 1482; x_wconf 86' lang='lat' dir='ltr'>Lusitaniae</span> <span class='ocrx_word' id='word_1_234' title='bbox 1438 1446 1547 1481; x_wconf 86' lang='lat' dir='ltr'>Serra</span> <span class='ocrx_word' id='word_1_235' title='bbox 1572 1444 1779 1482; x_wconf 87' lang='lat' dir='ltr'>d&#39;Estrella.</span> 
     </span>
    </p>
   </div>
   <div class='ocr_carea' id='block_1_6' title="bbox 68 1526 1784 2088">
    <p class='ocr_par' dir='ltr' id='par_1_6' title="bbox 68 1526 1784 2088">
     <span class='ocr_line' id='line_1_27' title="bbox 167 1526 1784 1573; baseline 0.002 -13"><span class='ocrx_word' id='word_1_236' title='bbox 167 1528 268 1562; x_wconf 80' lang='lat'>2135.</span> <span class='ocrx_word' id='word_1_237' title='bbox 317 1529 362 1561; x_wconf 89' lang='lat' dir='ltr'>P.</span> <span class='ocrx_word' id='word_1_238' title='bbox 390 1529 642 1568; x_wconf 82' lang='lat' dir='ltr'>serpentina</span> <span class='ocrx_word' id='word_1_239' title='bbox 676 1527 787 1562; x_wconf 77' lang='lat' dir='ltr'>VILL.</span> <span class='ocrx_word' id='word_1_240' title='bbox 818 1526 942 1572; x_wconf 89' lang='lat' dir='ltr'>Prosp.</span> <span class='ocrx_word' id='word_1_241' title='bbox 976 1539 1008 1572; x_wconf 89' lang='lat' dir='ltr'>p.</span> <span class='ocrx_word' id='word_1_242' title='bbox 1038 1530 1079 1563; x_wconf 86' lang='lat'>19</span> <span class='ocrx_word' id='word_1_243' title='bbox 1113 1533 1148 1563; x_wconf 92' lang='lat' dir='ltr'>et</span> <span class='ocrx_word' id='word_1_244' title='bbox 1179 1528 1235 1563; x_wconf 89' lang='lat' dir='ltr'>Fl.</span> <span class='ocrx_word' id='word_1_245' title='bbox 1260 1528 1402 1573; x_wconf 90' lang='lat' dir='ltr'>Dauph.</span> <span class='ocrx_word' id='word_1_246' title='bbox 1435 1527 1487 1573; x_wconf 75' lang='grc' dir='ltr'>ΙΙ,</span> <span class='ocrx_word' id='word_1_247' title='bbox 1521 1540 1554 1572; x_wconf 88' lang='lat' dir='ltr'>p.</span> <span class='ocrx_word' id='word_1_248' title='bbox 1581 1529 1659 1562; x_wconf 81' lang='lat'>304.</span> <span class='ocrx_word' id='word_1_249' title='bbox 1709 1527 1784 1563; x_wconf 87' lang='lat' dir='ltr'>GR.</span> 
     </span>
     <span class='ocr_line' id='line_1_28' title="bbox 72 1573 1784 1620; baseline 0.001 -12"><span class='ocrx_word' id='word_1_250' title='bbox 72 1573 201 1608; x_wconf 69' lang='lat' dir='ltr'>Gonu.</span> <span class='ocrx_word' id='word_1_251' title='bbox 232 1574 254 1608; x_wconf 93' lang='grc'>1.</span> <span class='ocrx_word' id='word_1_252' title='bbox 281 1585 310 1608; x_wconf 84' lang='lat' dir='ltr'>c.</span> <span class='ocrx_word' id='word_1_253' title='bbox 347 1586 380 1618; x_wconf 90' lang='lat' dir='ltr'>p.</span> <span class='ocrx_word' id='word_1_254' title='bbox 408 1575 491 1608; x_wconf 71' lang='lat'><strong>724!</strong></span> <span class='ocrx_word' id='word_1_255' title='bbox 541 1574 671 1609; x_wconf 76' lang='lat' dir='ltr'>chss.</span> <span class='ocrx_word' id='word_1_256' title='bbox 698 1574 745 1608; x_wconf 83' lang='lat' dir='ltr'>Ic.</span> <span class='ocrx_word' id='word_1_257' title='bbox 780 1573 802 1607; x_wconf 80' lang='grc'>1.</span> <span class='ocrx_word' id='word_1_258' title='bbox 829 1585 857 1608; x_wconf 86' lang='lat' dir='ltr'>c.</span> <span class='ocrx_word' id='word_1_259' title='bbox 890 1579 914 1609; x_wconf 72' lang='lat' dir='ltr'>t,</span> <span class='ocrx_word' id='word_1_260' title='bbox 938 1575 1005 1619; x_wconf 76' lang='lat'>80,</span> <span class='ocrx_word' id='word_1_261' title='bbox 1042 1574 1065 1609; x_wconf 86' lang='lat' dir='ltr'>f.</span> <span class='ocrx_word' id='word_1_262' title='bbox 1093 1575 1167 1610; x_wconf 81' lang='lat' dir='ltr'>III!</span> <span class='ocrx_word' id='word_1_263' title='bbox 1218 1575 1269 1620; x_wconf 88' lang='lat' dir='ltr'>(P.</span> <span class='ocrx_word' id='word_1_264' title='bbox 1297 1575 1471 1610; x_wconf 82' lang='lat' dir='ltr'>Wulfenii</span> <span class='ocrx_word' id='word_1_265' title='bbox 1503 1575 1639 1609; x_wconf 81' lang='lat' dir='ltr'>MERT.</span> <span class='ocrx_word' id='word_1_266' title='bbox 1664 1573 1784 1610; x_wconf 83' lang='lat' dir='ltr'>KocH</span> 
     </span>
     <span class='ocr_line' id='line_1_29' title="bbox 70 1621 1782 1667; baseline 0.001 -12"><span class='ocrx_word' id='word_1_267' title='bbox 70 1625 161 1656; x_wconf 88' lang='lat' dir='ltr'>teste</span> <span class='ocrx_word' id='word_1_268' title='bbox 186 1621 327 1665; x_wconf 54' lang='lat' dir='ltr'>GODR„</span> <span class='ocrx_word' id='word_1_269' title='bbox 354 1621 502 1654; x_wconf 82' lang='lat' dir='ltr'>DOSNE.</span> <span class='ocrx_word' id='word_1_270' title='bbox 521 1621 607 1665; x_wconf 89' lang='lat' dir='ltr'>l.c.,</span> <span class='ocrx_word' id='word_1_271' title='bbox 639 1621 678 1655; x_wconf 91' lang='lat' dir='ltr'>P.</span> <span class='ocrx_word' id='word_1_272' title='bbox 703 1621 888 1663; x_wconf 84' lang='lat' dir='ltr'>integralis</span> <span class='ocrx_word' id='word_1_273' title='bbox 913 1621 1054 1666; x_wconf 80' lang='lat' dir='ltr'>GAUD.,</span> <span class='ocrx_word' id='word_1_274' title='bbox 1080 1622 1119 1657; x_wconf 92' lang='lat' dir='ltr'>P.</span> <span class='ocrx_word' id='word_1_275' title='bbox 1146 1633 1342 1667; x_wconf 87' lang='lat' dir='ltr'>coronopus</span> <span class='ocrx_word' id='word_1_276' title='bbox 1369 1622 1400 1656; x_wconf 73' lang='grc' dir='ltr'>ὃ.</span> <span class='ocrx_word' id='word_1_277' title='bbox 1427 1622 1612 1665; x_wconf 89' lang='lat' dir='ltr'>integralis</span> <span class='ocrx_word' id='word_1_278' title='bbox 1637 1621 1709 1656; x_wconf 89' lang='lat' dir='ltr'>DC.</span> <span class='ocrx_word' id='word_1_279' title='bbox 1728 1622 1782 1656; x_wconf 90' lang='lat' dir='ltr'>Fl.</span> 
     </span>
     <span class='ocr_line' id='line_1_30' title="bbox 71 1667 1781 1715; baseline 0 -13"><span class='ocrx_word' id='word_1_280' title='bbox 71 1668 133 1712; x_wconf 89' lang='lat' dir='ltr'>fr.,</span> <span class='ocrx_word' id='word_1_281' title='bbox 169 1668 209 1703; x_wconf 86' lang='lat' dir='ltr'>P.</span> <span class='ocrx_word' id='word_1_282' title='bbox 234 1667 414 1702; x_wconf 81' lang='lat' dir='ltr'>maritima</span> <span class='ocrx_word' id='word_1_283' title='bbox 438 1667 556 1702; x_wconf 83' lang='lat' dir='ltr'><strong>KOOH</strong></span> <span class='ocrx_word' id='word_1_284' title='bbox 581 1668 663 1713; x_wconf 77' lang='lat' dir='ltr'>Syn.</span> <span class='ocrx_word' id='word_1_285' title='bbox 689 1678 733 1702; x_wconf 83' lang='lat' dir='ltr'>ex</span> <span class='ocrx_word' id='word_1_286' title='bbox 757 1668 817 1712; x_wconf 90' lang='lat' dir='ltr'>p.).</span> <span class='ocrx_word' id='word_1_287' title='bbox 865 1667 962 1702; x_wconf 82' lang='lat' dir='ltr'>Laxe</span> <span class='ocrx_word' id='word_1_288' title='bbox 989 1670 1207 1715; x_wconf 88' lang='lat' dir='ltr'>caespitosa,</span> <span class='ocrx_word' id='word_1_289' title='bbox 1239 1670 1435 1704; x_wconf 83' lang='lat' dir='ltr'>rhizomate</span> <span class='ocrx_word' id='word_1_290' title='bbox 1461 1670 1692 1703; x_wconf 86' lang='lat' dir='ltr'>subterraneo</span> <span class='ocrx_word' id='word_1_291' title='bbox 1717 1668 1781 1712; x_wconf 86' lang='lat' dir='ltr'>lig-</span> 
     </span>
     <span class='ocr_line' id='line_1_31' title="bbox 70 1714 1782 1760; baseline 0.001 -12"><span class='ocrx_word' id='word_1_292' title='bbox 70 1726 154 1750; x_wconf 89' lang='lat' dir='ltr'>noso</span> <span class='ocrx_word' id='word_1_293' title='bbox 178 1715 282 1758; x_wconf 87' lang='lat' dir='ltr'>longo</span> <span class='ocrx_word' id='word_1_294' title='bbox 308 1714 527 1749; x_wconf 89' lang='lat' dir='ltr'>radiciformi</span> <span class='ocrx_word' id='word_1_295' title='bbox 554 1725 706 1760; x_wconf 86' lang='lat' dir='ltr'>superne</span> <span class='ocrx_word' id='word_1_296' title='bbox 732 1725 882 1753; x_wconf 78' lang='lat' dir='ltr'>ramoso,</span> <span class='ocrx_word' id='word_1_297' title='bbox 908 1716 1016 1750; x_wconf 86' lang='lat' dir='ltr'>ramis</span> <span class='ocrx_word' id='word_1_298' title='bbox 1042 1717 1204 1751; x_wconf 89' lang='lat' dir='ltr'>brevibus</span> <span class='ocrx_word' id='word_1_299' title='bbox 1228 1717 1422 1760; x_wconf 86' lang='lat' dir='ltr'>squamatis</span> <span class='ocrx_word' id='word_1_300' title='bbox 1447 1716 1609 1751; x_wconf 87' lang='lat' dir='ltr'>foliorum</span> <span class='ocrx_word' id='word_1_301' title='bbox 1634 1715 1782 1750; x_wconf 84' lang='lat' dir='ltr'>fascicu-</span> 
     </span>
     <span class='ocr_line' id='line_1_32' title="bbox 70 1761 1781 1807; baseline 0.001 -11"><span class='ocrx_word' id='word_1_302' title='bbox 70 1762 130 1806; x_wconf 67' lang='lat' dir='ltr'>losJ</span> <span class='ocrx_word' id='word_1_303' title='bbox 146 1761 346 1805; x_wconf 72' lang='lat' dir='ltr'>edentibus:</span> <span class='ocrx_word' id='word_1_304' title='bbox 374 1761 467 1796; x_wconf 85' lang='lat' dir='ltr'>foliis</span> <span class='ocrx_word' id='word_1_305' title='bbox 493 1763 623 1797; x_wconf 88' lang='lat' dir='ltr'>crassis</span> <span class='ocrx_word' id='word_1_306' title='bbox 648 1761 819 1796; x_wconf 84' lang='lat' dir='ltr'>coriaceis</span> <span class='ocrx_word' id='word_1_307' title='bbox 844 1762 1195 1806; x_wconf 82' lang='lat' dir='ltr'>glauco-virentibus,</span> <span class='ocrx_word' id='word_1_308' title='bbox 1220 1764 1337 1807; x_wconf 89' lang='lat' dir='ltr'>planis</span> <span class='ocrx_word' id='word_1_309' title='bbox 1364 1763 1781 1807; x_wconf 83' lang='lat' dir='ltr'>diaphano-marginatis,</span> 
     </span>
     <span class='ocr_line' id='line_1_33' title="bbox 69 1808 1780 1853; baseline 0 -11"><span class='ocrx_word' id='word_1_310' title='bbox 69 1809 263 1843; x_wconf 90' lang='lat' dir='ltr'>linearibus</span> <span class='ocrx_word' id='word_1_311' title='bbox 289 1809 419 1843; x_wconf 82' lang='lat' dir='ltr'>sensim</span> <span class='ocrx_word' id='word_1_312' title='bbox 445 1809 596 1844; x_wconf 85' lang='lat' dir='ltr'>acutatis</span> <span class='ocrx_word' id='word_1_313' title='bbox 623 1809 755 1852; x_wconf 86' lang='lat' dir='ltr'>acutis,</span> <span class='ocrx_word' id='word_1_314' title='bbox 786 1808 1023 1851; x_wconf 83' lang='lat' dir='ltr'>integerrimis</span> <span class='ocrx_word' id='word_1_315' title='bbox 1056 1816 1117 1845; x_wconf 89' lang='lat' dir='ltr'>aut</span> <span class='ocrx_word' id='word_1_316' title='bbox 1141 1811 1300 1853; x_wconf 77' lang='lat' dir='ltr'>margine</span> <span class='ocrx_word' id='word_1_317' title='bbox 1326 1810 1408 1844; x_wconf 88' lang='lat' dir='ltr'>hinc</span> <span class='ocrx_word' id='word_1_318' title='bbox 1434 1809 1514 1844; x_wconf 86' lang='lat' dir='ltr'>inde</span> <span class='ocrx_word' id='word_1_319' title='bbox 1539 1809 1715 1843; x_wconf 87' lang='lat' dir='ltr'>lacinulas</span> <span class='ocrx_word' id='word_1_320' title='bbox 1740 1809 1780 1843; x_wconf 92' lang='lat' dir='ltr'>li-</span> 
     </span>
     <span class='ocr_line' id='line_1_34' title="bbox 71 1855 1781 1899; baseline 0.001 -10"><span class='ocrx_word' id='word_1_321' title='bbox 71 1866 197 1890; x_wconf 91' lang='lat' dir='ltr'>neares</span> <span class='ocrx_word' id='word_1_322' title='bbox 222 1855 442 1899; x_wconf 82' lang='lat' dir='ltr'>gerentibus,</span> <span class='ocrx_word' id='word_1_323' title='bbox 481 1855 613 1898; x_wconf 88' lang='lat' dir='ltr'>glabris</span> <span class='ocrx_word' id='word_1_324' title='bbox 646 1867 675 1889; x_wconf 90' lang='lat' dir='ltr'>v.</span> <span class='ocrx_word' id='word_1_325' title='bbox 706 1855 846 1899; x_wconf 84' lang='lat' dir='ltr'>pilosis3</span> <span class='ocrx_word' id='word_1_326' title='bbox 878 1855 1087 1899; x_wconf 88' lang='lat' dir='ltr'>pedunculis</span> <span class='ocrx_word' id='word_1_327' title='bbox 1116 1857 1271 1892; x_wconf 85' lang='lat' dir='ltr'>robustis</span> <span class='ocrx_word' id='word_1_328' title='bbox 1297 1856 1592 1892; x_wconf 87' lang='lat' dir='ltr'>adscendentibus</span> <span class='ocrx_word' id='word_1_329' title='bbox 1618 1856 1733 1890; x_wconf 78' lang='lat'>3—-8“</span> <span class='ocrx_word' id='word_1_330' title='bbox 1758 1856 1781 1891; x_wconf 87' lang='lat'>1.</span> 
     </span>
     <span class='ocr_line' id='line_1_35' title="bbox 71 1901 1780 1948; baseline 0.001 -12"><span class='ocrx_word' id='word_1_331' title='bbox 71 1902 241 1946; x_wconf 86' lang='lat' dir='ltr'>adpresse</span> <span class='ocrx_word' id='word_1_332' title='bbox 265 1901 470 1946; x_wconf 76' lang='lat' dir='ltr'>puberulis,</span> <span class='ocrx_word' id='word_1_333' title='bbox 504 1902 612 1946; x_wconf 89' lang='lat' dir='ltr'>spicis</span> <span class='ocrx_word' id='word_1_334' title='bbox 638 1901 841 1946; x_wconf 72' lang='lat' dir='ltr'>cylindricis</span> <span class='ocrx_word' id='word_1_335' title='bbox 868 1901 1006 1945; x_wconf 69' lang='lat' dir='ltr'>3s&#39;4—2‘¹</span> <span class='ocrx_word' id='word_1_336' title='bbox 1032 1904 1054 1938; x_wconf 93' lang='lat' dir='ltr'>l.</span> <span class='ocrx_word' id='word_1_337' title='bbox 1088 1902 1307 1948; x_wconf 86' lang='lat' dir='ltr'>densifioris,</span> <span class='ocrx_word' id='word_1_338' title='bbox 1337 1903 1493 1939; x_wconf 88' lang='lat' dir='ltr'>bracteis</span> <span class='ocrx_word' id='word_1_339' title='bbox 1523 1903 1780 1938; x_wconf 86' lang='lat' dir='ltr'>ovato-lanceo-</span> 
     </span>
     <span class='ocr_line' id='line_1_36' title="bbox 70 1948 1780 1995; baseline 0.001 -12"><span class='ocrx_word' id='word_1_340' title='bbox 70 1949 151 1984; x_wconf 85' lang='lat' dir='ltr'>latis</span> <span class='ocrx_word' id='word_1_341' title='bbox 177 1948 498 1994; x_wconf 83' lang='lat' dir='ltr'>cymbaeformibus</span> <span class='ocrx_word' id='word_1_342' title='bbox 532 1949 644 1983; x_wconf 87' lang='lat' dir='ltr'>acutis</span> <span class='ocrx_word' id='word_1_343' title='bbox 682 1949 858 1983; x_wconf 85' lang='lat' dir='ltr'>(acumine</span> <span class='ocrx_word' id='word_1_344' title='bbox 882 1950 1092 1994; x_wconf 86' lang='lat' dir='ltr'>plerumque</span> <span class='ocrx_word' id='word_1_345' title='bbox 1117 1951 1291 1995; x_wconf 89' lang='lat' dir='ltr'>incurvo),</span> <span class='ocrx_word' id='word_1_346' title='bbox 1327 1951 1431 1986; x_wconf 87' lang='lat' dir='ltr'>dorso</span> <span class='ocrx_word' id='word_1_347' title='bbox 1464 1949 1632 1985; x_wconf 89' lang='lat' dir='ltr'>viridibus</span> <span class='ocrx_word' id='word_1_348' title='bbox 1657 1950 1780 1985; x_wconf 89' lang='lat' dir='ltr'>obtuse</span> 
     </span>
     <span class='ocr_line' id='line_1_37' title="bbox 70 1996 1781 2043; baseline 0 -12"><span class='ocrx_word' id='word_1_349' title='bbox 70 1996 262 2041; x_wconf 87' lang='lat' dir='ltr'>carinatis,</span> <span class='ocrx_word' id='word_1_350' title='bbox 288 1996 446 2038; x_wconf 82' lang='lat' dir='ltr'>margine</span> <span class='ocrx_word' id='word_1_351' title='bbox 472 2001 621 2038; x_wconf 87' lang='lat' dir='ltr'>anguste</span> <span class='ocrx_word' id='word_1_352' title='bbox 645 1996 936 2041; x_wconf 83' lang='lat' dir='ltr'>membranaceis,</span> <span class='ocrx_word' id='word_1_353' title='bbox 964 1997 1123 2042; x_wconf 89' lang='lat' dir='ltr'>calycem</span> <span class='ocrx_word' id='word_1_354' title='bbox 1148 1999 1419 2043; x_wconf 74' lang='lat' dir='ltr'>superantibus5</span> <span class='ocrx_word' id='word_1_355' title='bbox 1454 1996 1646 2041; x_wconf 83' lang='lat' dir='ltr'>segmentis</span> <span class='ocrx_word' id='word_1_356' title='bbox 1670 1996 1781 2042; x_wconf 85' lang='lat' dir='ltr'>calyc.</span> 
     </span>
     <span class='ocr_line' id='line_1_38' title="bbox 68 2041 885 2088; baseline 0 -10"><span class='ocrx_word' id='word_1_357' title='bbox 68 2042 227 2088; x_wconf 85' lang='lat' dir='ltr'>posticis,</span> <span class='ocrx_word' id='word_1_358' title='bbox 256 2042 399 2078; x_wconf 91' lang='lat' dir='ltr'>corollis</span> <span class='ocrx_word' id='word_1_359' title='bbox 425 2046 491 2077; x_wconf 89' lang='lat' dir='ltr'>etc.</span> <span class='ocrx_word' id='word_1_360' title='bbox 518 2047 556 2077; x_wconf 90' lang='lat' dir='ltr'>ut</span> <span class='ocrx_word' id='word_1_361' title='bbox 580 2043 617 2076; x_wconf 91' lang='lat' dir='ltr'>in</span> <span class='ocrx_word' id='word_1_362' title='bbox 641 2041 885 2087; x_wconf 86' lang='lat' dir='ltr'>praecedente.</span> 
     </span>
    </p>
   </div>
   <div class='ocr_carea' id='block_1_7' title="bbox 115 2099 1782 2239">
    <p class='ocr_par' dir='ltr' id='par_1_7' title="bbox 115 2099 1782 2239">
     <span class='ocr_line' id='line_1_39' title="bbox 162 2099 1782 2145; baseline -0.001 -10"><span class='ocrx_word' id='word_1_363' title='bbox 162 2101 204 2135; x_wconf 90' lang='lat' dir='ltr'>In</span> <span class='ocrx_word' id='word_1_364' title='bbox 227 2101 366 2136; x_wconf 89' lang='lat' dir='ltr'>fissuris</span> <span class='ocrx_word' id='word_1_365' title='bbox 391 2100 532 2145; x_wconf 88' lang='lat' dir='ltr'>rupium</span> <span class='ocrx_word' id='word_1_366' title='bbox 558 2101 750 2136; x_wconf 88' lang='lat' dir='ltr'>calcarear.</span> <span class='ocrx_word' id='word_1_367' title='bbox 785 2105 892 2145; x_wconf 86' lang='lat' dir='ltr'>atque</span> <span class='ocrx_word' id='word_1_368' title='bbox 928 2101 965 2135; x_wconf 87' lang='lat' dir='ltr'>in</span> <span class='ocrx_word' id='word_1_369' title='bbox 999 2101 1136 2137; x_wconf 80' lang='lat' dir='ltr'>saxosis</span> <span class='ocrx_word' id='word_1_370' title='bbox 1169 2106 1204 2136; x_wconf 88' lang='lat' dir='ltr'>et</span> <span class='ocrx_word' id='word_1_371' title='bbox 1234 2101 1414 2145; x_wconf 82' lang='lat' dir='ltr'>argillosis</span> <span class='ocrx_word' id='word_1_372' title='bbox 1439 2101 1594 2144; x_wconf 87' lang='lat' dir='ltr'>regionis</span> <span class='ocrx_word' id='word_1_373' title='bbox 1619 2099 1720 2135; x_wconf 87' lang='lat' dir='ltr'>infer.</span> <span class='ocrx_word' id='word_1_374' title='bbox 1746 2105 1782 2135; x_wconf 90' lang='lat' dir='ltr'>et</span> 
     </span>
     <span class='ocr_line' id='line_1_40' title="bbox 115 2147 1779 2193; baseline -0.001 -10"><span class='ocrx_word' id='word_1_375' title='bbox 115 2154 223 2183; x_wconf 84' lang='lat' dir='ltr'>mont.</span> <span class='ocrx_word' id='word_1_376' title='bbox 249 2148 480 2182; x_wconf 86' lang='lat' dir='ltr'>Catalauniae</span> <span class='ocrx_word' id='word_1_377' title='bbox 505 2148 547 2192; x_wconf 91' lang='lat' dir='ltr'>(c.</span> <span class='ocrx_word' id='word_1_378' title='bbox 573 2147 693 2192; x_wconf 86' lang='lat' dir='ltr'>Ripoll</span> <span class='ocrx_word' id='word_1_379' title='bbox 718 2153 753 2182; x_wconf 86' lang='lat' dir='ltr'>et</span> <span class='ocrx_word' id='word_1_380' title='bbox 766 2147 871 2193; x_wconf 91' lang='lat' dir='ltr'>Vich,</span> <span class='ocrx_word' id='word_1_381' title='bbox 897 2148 1016 2183; x_wconf 87' lang='lat' dir='ltr'>SALV.</span> <span class='ocrx_word' id='word_1_382' title='bbox 1041 2153 1133 2183; x_wconf 83' lang='lat' dir='ltr'>teste</span> <span class='ocrx_word' id='word_1_383' title='bbox 1158 2149 1287 2193; x_wconf 81' lang='lat' dir='ltr'>CSTA.,</span> <span class='ocrx_word' id='word_1_384' title='bbox 1312 2149 1440 2193; x_wconf 82' lang='lat' dir='ltr'>Berga,</span> <span class='ocrx_word' id='word_1_385' title='bbox 1467 2148 1587 2184; x_wconf 86' lang='lat' dir='ltr'>Sierra</span> <span class='ocrx_word' id='word_1_386' title='bbox 1611 2147 1655 2183; x_wconf 90' lang='lat' dir='ltr'>de</span> <span class='ocrx_word' id='word_1_387' title='bbox 1682 2147 1779 2192; x_wconf 82' lang='lat' dir='ltr'>Cadi,</span> 
     </span>
     <span class='ocr_line' id='line_1_41' title="bbox 118 2194 812 2239; baseline 0 -10"><span class='ocrx_word' id='word_1_388' title='bbox 118 2194 278 2239; x_wconf 87' lang='lat' dir='ltr'>CSTA.!).</span> <span class='ocrx_word' id='word_1_389' title='bbox 306 2214 350 2218; x_wconf 90' lang='lat'>—</span> <span class='ocrx_word' id='word_1_390' title='bbox 379 2202 400 2235; x_wconf 65' lang='lat'>21</span> <span class='ocrx_word' id='word_1_391' title='bbox 430 2194 655 2238; x_wconf 56' lang='lat' dir='ltr'>Just—Aug.</span> <span class='ocrx_word' id='word_1_392' title='bbox 696 2194 738 2238; x_wconf 94' lang='lat' dir='ltr'>(v.</span> <span class='ocrx_word' id='word_1_393' title='bbox 764 2202 812 2233; x_wconf 87' lang='lat' dir='ltr'>v.)</span> 
     </span>
    </p>
   </div>
   <div class='ocr_carea' id='block_1_8' title="bbox 165 2249 987 2298">
    <p class='ocr_par' dir='ltr' id='par_1_8' title="bbox 165 2249 987 2298">
     <span class='ocr_line' id='line_1_42' title="bbox 165 2249 987 2298; baseline -0.001 -10"><span class='ocrx_word' id='word_1_394' title='bbox 165 2253 256 2288; x_wconf 88' lang='lat' dir='ltr'>Hab.</span> <span class='ocrx_word' id='word_1_395' title='bbox 281 2253 317 2286; x_wconf 91' lang='lat' dir='ltr'>iu</span> <span class='ocrx_word' id='word_1_396' title='bbox 342 2251 434 2287; x_wconf 83' lang='lat' dir='ltr'>Gall.</span> <span class='ocrx_word' id='word_1_397' title='bbox 460 2252 683 2298; x_wconf 88' lang='lat' dir='ltr'>australiore,</span> <span class='ocrx_word' id='word_1_398' title='bbox 709 2252 825 2298; x_wconf 86' lang='lat' dir='ltr'>Helv.,</span> <span class='ocrx_word' id='word_1_399' title='bbox 851 2249 987 2297; x_wconf 85' lang='lat' dir='ltr'>Tyroli.</span> 
     </span>
    </p>
   </div>
   <div class='ocr_carea' id='block_1_9' title="bbox 68 2332 1780 2613">
    <p class='ocr_par' dir='ltr' id='par_1_9' title="bbox 68 2332 1780 2613">
     <span class='ocr_line' id='line_1_43' title="bbox 162 2332 1779 2377; baseline -0.002 -8"><span class='ocrx_word' id='word_1_400' title='bbox 162 2335 178 2369; x_wconf 69' lang='lat'>1&gt;</span> <span class='ocrx_word' id='word_1_401' title='bbox 203 2335 305 2369; x_wconf 82' lang='lat'>2136.</span> <span class='ocrx_word' id='word_1_402' title='bbox 355 2337 401 2368; x_wconf 90' lang='lat' dir='ltr'>P.</span> <span class='ocrx_word' id='word_1_403' title='bbox 427 2336 760 2376; x_wconf 84' lang='lat' dir='ltr'>acanthophylla</span> <span class='ocrx_word' id='word_1_404' title='bbox 785 2333 935 2368; x_wconf 81' lang='lat' dir='ltr'>DCSNE.</span> <span class='ocrx_word' id='word_1_405' title='bbox 966 2333 988 2367; x_wconf 90' lang='lat' dir='ltr'>l.</span> <span class='ocrx_word' id='word_1_406' title='bbox 1016 2345 1044 2368; x_wconf 91' lang='lat' dir='ltr'>c.</span> <span class='ocrx_word' id='word_1_407' title='bbox 1078 2345 1111 2377; x_wconf 91' lang='lat' dir='ltr'>p.</span> <span class='ocrx_word' id='word_1_408' title='bbox 1140 2333 1224 2368; x_wconf 81' lang='lat'>7301</span> <span class='ocrx_word' id='word_1_409' title='bbox 1275 2332 1327 2377; x_wconf 92' lang='lat' dir='ltr'>(P.</span> <span class='ocrx_word' id='word_1_410' title='bbox 1354 2333 1516 2367; x_wconf 85' lang='lat' dir='ltr'>carinata</span> <span class='ocrx_word' id='word_1_411' title='bbox 1540 2332 1657 2375; x_wconf 82' lang='lat' dir='ltr'>LGE.,</span> <span class='ocrx_word' id='word_1_412' title='bbox 1690 2332 1779 2375; x_wconf 83' lang='lat' dir='ltr'>Pug.</span> 
     </span>
     <span class='ocr_line' id='line_1_44' title="bbox 69 2378 1780 2426; baseline -0.002 -10"><span class='ocrx_word' id='word_1_413' title='bbox 69 2387 105 2416; x_wconf 86' lang='lat' dir='ltr'>et</span> <span class='ocrx_word' id='word_1_414' title='bbox 128 2381 243 2416; x_wconf 85' lang='lat' dir='ltr'>CSTA.</span> <span class='ocrx_word' id='word_1_415' title='bbox 270 2381 326 2417; x_wconf 88' lang='lat' dir='ltr'>Fl.</span> <span class='ocrx_word' id='word_1_416' title='bbox 353 2381 465 2416; x_wconf 83' lang='lat' dir='ltr'>Catal.</span> <span class='ocrx_word' id='word_1_417' title='bbox 495 2392 538 2416; x_wconf 84' lang='lat' dir='ltr'>ex</span> <span class='ocrx_word' id='word_1_418' title='bbox 563 2394 616 2426; x_wconf 88' lang='lat' dir='ltr'>p.,</span> <span class='ocrx_word' id='word_1_419' title='bbox 649 2380 748 2415; x_wconf 86' lang='lat' dir='ltr'>LGE.</span> <span class='ocrx_word' id='word_1_420' title='bbox 774 2380 827 2414; x_wconf 90' lang='lat' dir='ltr'>Pl.</span> <span class='ocrx_word' id='word_1_421' title='bbox 854 2380 989 2425; x_wconf 87' lang='lat' dir='ltr'>Europ.</span> <span class='ocrx_word' id='word_1_422' title='bbox 1006 2386 1124 2414; x_wconf 85' lang='lat' dir='ltr'>-austr.</span> <span class='ocrx_word' id='word_1_423' title='bbox 1150 2390 1223 2414; x_wconf 87' lang='lat' dir='ltr'>exs.</span> <span class='ocrx_word' id='word_1_424' title='bbox 1256 2391 1288 2413; x_wconf 89' lang='lat' dir='ltr'>n.</span> <span class='ocrx_word' id='word_1_425' title='bbox 1315 2380 1401 2414; x_wconf 76' lang='lat'>187!</span> <span class='ocrx_word' id='word_1_426' title='bbox 1452 2380 1490 2413; x_wconf 93' lang='lat' dir='ltr'>P.</span> <span class='ocrx_word' id='word_1_427' title='bbox 1519 2379 1683 2413; x_wconf 88' lang='lat' dir='ltr'>subulata</span> <span class='ocrx_word' id='word_1_428' title='bbox 1706 2378 1780 2412; x_wconf 92' lang='lat' dir='ltr'>Au-</span> 
     </span>
     <span class='ocr_line' id='line_1_45' title="bbox 69 2424 1780 2473; baseline -0.002 -10"><span class='ocrx_word' id='word_1_429' title='bbox 69 2434 154 2463; x_wconf 90' lang='lat' dir='ltr'>ctor.</span> <span class='ocrx_word' id='word_1_430' title='bbox 180 2429 320 2473; x_wconf 89' lang='lat' dir='ltr'>hispan.</span> <span class='ocrx_word' id='word_1_431' title='bbox 348 2439 392 2463; x_wconf 88' lang='lat' dir='ltr'>ex</span> <span class='ocrx_word' id='word_1_432' title='bbox 410 2428 469 2472; x_wconf 81' lang='lat' dir='ltr'>p.).</span> <span class='ocrx_word' id='word_1_433' title='bbox 506 2428 635 2463; x_wconf 86' lang='lat' dir='ltr'>Differt</span> <span class='ocrx_word' id='word_1_434' title='bbox 660 2438 681 2461; x_wconf 90' lang='lat' dir='ltr'>a</span> <span class='ocrx_word' id='word_1_435' title='bbox 706 2427 881 2471; x_wconf 73' lang='lat' dir='ltr'>praeced,</span> <span class='ocrx_word' id='word_1_436' title='bbox 911 2428 1011 2471; x_wconf 83' lang='lat' dir='ltr'>cujus</span> <span class='ocrx_word' id='word_1_437' title='bbox 1035 2427 1185 2462; x_wconf 83' lang='lat' dir='ltr'>fortasse</span> <span class='ocrx_word' id='word_1_438' title='bbox 1210 2437 1309 2460; x_wconf 89' lang='lat' dir='ltr'>mera</span> <span class='ocrx_word' id='word_1_439' title='bbox 1332 2427 1498 2465; x_wconf 77' lang='lat' dir='ltr'>varietas,</span> <span class='ocrx_word' id='word_1_440' title='bbox 1524 2426 1617 2460; x_wconf 88' lang='lat' dir='ltr'>foliis</span> <span class='ocrx_word' id='word_1_441' title='bbox 1641 2424 1780 2468; x_wconf 85' lang='lat' dir='ltr'>rigidis-</span> 
     </span>
     <span class='ocr_line' id='line_1_46' title="bbox 69 2472 1780 2518; baseline 0 -10"><span class='ocrx_word' id='word_1_442' title='bbox 69 2475 166 2510; x_wconf 87' lang='lat' dir='ltr'>simis</span> <span class='ocrx_word' id='word_1_443' title='bbox 191 2475 565 2518; x_wconf 87' lang='lat' dir='ltr'>anguste-linearibus</span> <span class='ocrx_word' id='word_1_444' title='bbox 598 2474 807 2510; x_wconf 85' lang='lat' dir='ltr'>subfalcatis</span> <span class='ocrx_word' id='word_1_445' title='bbox 839 2474 1203 2517; x_wconf 73' lang='lat' dir='ltr'>carinam-triquetris</span> <span class='ocrx_word' id='word_1_446' title='bbox 1229 2473 1534 2517; x_wconf 77' lang='lat' dir='ltr'>subpungentiluis</span> <span class='ocrx_word' id='word_1_447' title='bbox 1559 2474 1641 2517; x_wconf 88' lang='lat' dir='ltr'>plus</span> <span class='ocrx_word' id='word_1_448' title='bbox 1664 2472 1780 2508; x_wconf 87' lang='lat' dir='ltr'>minus</span> 
     </span>
     <span class='ocr_line' id='line_1_47' title="bbox 69 2519 1780 2566; baseline -0.001 -11"><span class='ocrx_word' id='word_1_449' title='bbox 69 2521 174 2557; x_wconf 88' lang='lat' dir='ltr'>dense</span> <span class='ocrx_word' id='word_1_450' title='bbox 201 2521 377 2566; x_wconf 89' lang='lat' dir='ltr'>setulosis,</span> <span class='ocrx_word' id='word_1_451' title='bbox 405 2522 514 2566; x_wconf 88' lang='lat' dir='ltr'>spicis</span> <span class='ocrx_word' id='word_1_452' title='bbox 529 2521 802 2565; x_wconf 88' lang='lat' dir='ltr'>angustioribus,</span> <span class='ocrx_word' id='word_1_453' title='bbox 828 2521 984 2556; x_wconf 90' lang='lat' dir='ltr'>bracteis</span> <span class='ocrx_word' id='word_1_454' title='bbox 1009 2521 1196 2564; x_wconf 90' lang='lat' dir='ltr'>conspicue</span> <span class='ocrx_word' id='word_1_455' title='bbox 1215 2520 1383 2554; x_wconf 85' lang='lat' dir='ltr'>carinatis</span> <span class='ocrx_word' id='word_1_456' title='bbox 1402 2519 1604 2564; x_wconf 81' lang='lat' dir='ltr'>calycisque</span> <span class='ocrx_word' id='word_1_457' title='bbox 1622 2529 1780 2562; x_wconf 88' lang='lat' dir='ltr'>segmen-</span> 
     </span>
     <span class='ocr_line' id='line_1_48' title="bbox 68 2566 1700 2613; baseline -0.002 -10"><span class='ocrx_word' id='word_1_458' title='bbox 68 2569 114 2604; x_wconf 89' lang='lat' dir='ltr'>tis</span> <span class='ocrx_word' id='word_1_459' title='bbox 138 2569 347 2613; x_wconf 89' lang='lat' dir='ltr'>plerumque</span> <span class='ocrx_word' id='word_1_460' title='bbox 372 2569 644 2612; x_wconf 87' lang='lat' dir='ltr'>nigricantibus.</span> <span class='ocrx_word' id='word_1_461' title='bbox 670 2588 714 2593; x_wconf 97' lang='lat'><strong>—</strong></span> <span class='ocrx_word' id='word_1_462' title='bbox 740 2567 956 2602; x_wconf 86' lang='lat' dir='ltr'>Intermedia</span> <span class='ocrx_word' id='word_1_463' title='bbox 982 2567 1074 2602; x_wconf 86' lang='lat' dir='ltr'>inter</span> <span class='ocrx_word' id='word_1_464' title='bbox 1098 2567 1137 2601; x_wconf 91' lang='lat' dir='ltr'>P.</span> <span class='ocrx_word' id='word_1_465' title='bbox 1165 2567 1403 2611; x_wconf 83' lang='lat' dir='ltr'>serpentinam</span> <span class='ocrx_word' id='word_1_466' title='bbox 1428 2571 1464 2601; x_wconf 90' lang='lat' dir='ltr'>et</span> <span class='ocrx_word' id='word_1_467' title='bbox 1489 2566 1700 2601; x_wconf 89' lang='lat' dir='ltr'>subulatam.</span> 
     </span>
    </p>
   </div>
   <div class='ocr_carea' id='block_1_10' title="bbox 114 2623 1778 2961">
    <p class='ocr_par' dir='ltr' id='par_1_10' title="bbox 208 2623 1778 2719">
     <span class='ocr_line' id='line_1_49' title="bbox 208 2623 1778 2670; baseline -0.003 -8"><span class='ocrx_word' id='word_1_468' title='bbox 208 2627 245 2669; x_wconf 83' lang='grc' dir='ltr'>β.</span> <span class='ocrx_word' id='word_1_469' title='bbox 274 2628 535 2668; x_wconf 88' lang='lat' dir='ltr'>bracteosa,</span> <span class='ocrx_word' id='word_1_470' title='bbox 561 2627 623 2661; x_wconf 79' lang='lat' dir='ltr'>bra</span> <span class='ocrx_word' id='word_1_471' title='bbox 634 2627 718 2660; x_wconf 68' lang='lat' dir='ltr'>eteis</span> <span class='ocrx_word' id='word_1_472' title='bbox 742 2625 849 2660; x_wconf 83' lang='lat' dir='ltr'>flores</span> <span class='ocrx_word' id='word_1_473' title='bbox 874 2625 1126 2670; x_wconf 89' lang='lat' dir='ltr'>superantibus</span> <span class='ocrx_word' id='word_1_474' title='bbox 1151 2624 1309 2659; x_wconf 89' lang='lat' dir='ltr'>recurvis</span> <span class='ocrx_word' id='word_1_475' title='bbox 1334 2624 1464 2659; x_wconf 87' lang='lat' dir='ltr'>crassis</span> <span class='ocrx_word' id='word_1_476' title='bbox 1493 2623 1545 2668; x_wconf 90' lang='lat' dir='ltr'>(P.</span> <span class='ocrx_word' id='word_1_477' title='bbox 1572 2623 1778 2668; x_wconf 87' lang='lat' dir='ltr'>serpentina</span> 
     </span>
     <span class='ocr_line' id='line_1_50' title="bbox 275 2672 1043 2719; baseline -0.003 -11"><span class='ocrx_word' id='word_1_478' title='bbox 275 2674 386 2708; x_wconf 87' lang='lat' dir='ltr'>Coss.</span> <span class='ocrx_word' id='word_1_479' title='bbox 411 2684 468 2719; x_wconf 86' lang='lat' dir='ltr'>ap.</span> <span class='ocrx_word' id='word_1_480' title='bbox 492 2673 650 2708; x_wconf 74' lang='lat' dir='ltr'>BOURG.</span> <span class='ocrx_word' id='word_1_481' title='bbox 676 2672 729 2706; x_wconf 94' lang='lat' dir='ltr'>Pl.</span> <span class='ocrx_word' id='word_1_482' title='bbox 756 2683 827 2707; x_wconf 80' lang='lat' dir='ltr'>exs.</span> <span class='ocrx_word' id='word_1_483' title='bbox 854 2683 887 2706; x_wconf 93' lang='lat' dir='ltr'>n.</span> <span class='ocrx_word' id='word_1_484' title='bbox 907 2673 1043 2710; x_wconf 85' lang='lat'>2015!).</span> 
     </span>
    </p>

    <p class='ocr_par' dir='ltr' id='par_1_11' title="bbox 114 2727 1778 2961">
     <span class='ocr_line' id='line_1_51' title="bbox 163 2727 1778 2776; baseline -0.001 -11"><span class='ocrx_word' id='word_1_485' title='bbox 163 2731 204 2765; x_wconf 93' lang='lat' dir='ltr'>In</span> <span class='ocrx_word' id='word_1_486' title='bbox 228 2732 376 2767; x_wconf 89' lang='lat' dir='ltr'>collibus</span> <span class='ocrx_word' id='word_1_487' title='bbox 402 2731 558 2776; x_wconf 87' lang='lat' dir='ltr'>asperis,</span> <span class='ocrx_word' id='word_1_488' title='bbox 592 2730 833 2775; x_wconf 85' lang='lat' dir='ltr'>rupestribus,</span> <span class='ocrx_word' id='word_1_489' title='bbox 869 2730 1028 2764; x_wconf 86' lang='lat' dir='ltr'>arenosis</span> <span class='ocrx_word' id='word_1_490' title='bbox 1054 2729 1156 2763; x_wconf 87' lang='lat' dir='ltr'>siccis</span> <span class='ocrx_word' id='word_1_491' title='bbox 1184 2728 1337 2771; x_wconf 76' lang='lat' dir='ltr'>regionis</span> <span class='ocrx_word' id='word_1_492' title='bbox 1362 2727 1517 2763; x_wconf 90' lang='lat' dir='ltr'>inferior.</span> <span class='ocrx_word' id='word_1_493' title='bbox 1544 2734 1580 2762; x_wconf 89' lang='lat' dir='ltr'>et</span> <span class='ocrx_word' id='word_1_494' title='bbox 1604 2729 1778 2763; x_wconf 88' lang='lat' dir='ltr'>submont.</span> 
     </span>
     <span class='ocr_line' id='line_1_52' title="bbox 115 2775 1775 2822; baseline -0.001 -12"><span class='ocrx_word' id='word_1_495' title='bbox 115 2777 309 2822; x_wconf 89' lang='lat' dir='ltr'>Hispaniae</span> <span class='ocrx_word' id='word_1_496' title='bbox 335 2779 480 2813; x_wconf 39' lang='lat' dir='ltr'>central.</span> <span class='ocrx_word' id='word_1_497' title='bbox 510 2784 544 2812; x_wconf 90' lang='lat' dir='ltr'>et</span> <span class='ocrx_word' id='word_1_498' title='bbox 569 2779 691 2812; x_wconf 86' lang='lat' dir='ltr'>orient.</span> <span class='ocrx_word' id='word_1_499' title='bbox 717 2777 870 2821; x_wconf 84' lang='lat' dir='ltr'>passim:</span> <span class='ocrx_word' id='word_1_500' title='bbox 901 2777 937 2810; x_wconf 90' lang='lat' dir='ltr'>in</span> <span class='ocrx_word' id='word_1_501' title='bbox 963 2775 1056 2811; x_wconf 89' lang='lat' dir='ltr'>Cast.</span> <span class='ocrx_word' id='word_1_502' title='bbox 1088 2785 1178 2809; x_wconf 90' lang='lat' dir='ltr'>nova</span> <span class='ocrx_word' id='word_1_503' title='bbox 1212 2775 1259 2818; x_wconf 92' lang='lat' dir='ltr'>(in</span> <span class='ocrx_word' id='word_1_504' title='bbox 1286 2786 1370 2818; x_wconf 86' lang='lat' dir='ltr'>agro</span> <span class='ocrx_word' id='word_1_505' title='bbox 1396 2775 1540 2810; x_wconf 89' lang='lat' dir='ltr'>Madrit.</span> <span class='ocrx_word' id='word_1_506' title='bbox 1567 2775 1613 2809; x_wconf 89' lang='lat' dir='ltr'>ad</span> <span class='ocrx_word' id='word_1_507' title='bbox 1637 2775 1775 2810; x_wconf 86' lang='lat' dir='ltr'>Fuente</span> 
     </span>
     <span class='ocr_line' id='line_1_53' title="bbox 114 2821 1772 2868; baseline -0.001 -10"><span class='ocrx_word' id='word_1_508' title='bbox 114 2823 316 2860; x_wconf 86' lang='lat' dir='ltr'>Castellana</span> <span class='ocrx_word' id='word_1_509' title='bbox 340 2831 375 2860; x_wconf 90' lang='lat' dir='ltr'>et</span> <span class='ocrx_word' id='word_1_510' title='bbox 400 2836 429 2859; x_wconf 94' lang='lat' dir='ltr'>c.</span> <span class='ocrx_word' id='word_1_511' title='bbox 456 2824 672 2868; x_wconf 88' lang='lat' dir='ltr'>Chamartin,</span> <span class='ocrx_word' id='word_1_512' title='bbox 698 2823 844 2858; x_wconf 82' lang='lat' dir='ltr'>RODR.!</span> <span class='ocrx_word' id='word_1_513' title='bbox 871 2823 1011 2857; x_wconf 85' lang='lat' dir='ltr'>PROL.!</span> <span class='ocrx_word' id='word_1_514' title='bbox 1046 2822 1165 2863; x_wconf 85' lang='lat' dir='ltr'>LGE.,</span> <span class='ocrx_word' id='word_1_515' title='bbox 1191 2821 1227 2855; x_wconf 87' lang='lat' dir='ltr'>in</span> <span class='ocrx_word' id='word_1_516' title='bbox 1252 2827 1359 2857; x_wconf 90' lang='lat' dir='ltr'>mont.</span> <span class='ocrx_word' id='word_1_517' title='bbox 1387 2822 1539 2867; x_wconf 86' lang='lat' dir='ltr'>Carpet.,</span> <span class='ocrx_word' id='word_1_518' title='bbox 1564 2821 1680 2856; x_wconf 79' lang='lat' dir='ltr'>LGE.!</span> <span class='ocrx_word' id='word_1_519' title='bbox 1719 2832 1772 2865; x_wconf 87' lang='lat' dir='ltr'>pr.</span> 
     </span>
     <span class='ocr_line' id='line_1_54' title="bbox 114 2868 1775 2915; baseline -0.001 -12"><span class='ocrx_word' id='word_1_520' title='bbox 114 2870 302 2915; x_wconf 76' lang='lat' dir='ltr'>Menti-ida,</span> <span class='ocrx_word' id='word_1_521' title='bbox 328 2871 473 2915; x_wconf 84' lang='lat' dir='ltr'>CAV.!),</span> <span class='ocrx_word' id='word_1_522' title='bbox 501 2871 611 2906; x_wconf 85' lang='lat' dir='ltr'>Catal.</span> <span class='ocrx_word' id='word_1_523' title='bbox 638 2871 844 2915; x_wconf 85' lang='lat' dir='ltr'>(Monseny,</span> <span class='ocrx_word' id='word_1_524' title='bbox 870 2869 1003 2904; x_wconf 85' lang='lat' dir='ltr'>CSTA.!</span> <span class='ocrx_word' id='word_1_525' title='bbox 1040 2869 1238 2912; x_wconf 86' lang='lat' dir='ltr'>Recasens,</span> <span class='ocrx_word' id='word_1_526' title='bbox 1271 2869 1463 2913; x_wconf 85' lang='lat' dir='ltr'>BOURG.);</span> <span class='ocrx_word' id='word_1_527' title='bbox 1503 2888 1542 2893; x_wconf 87' lang='lat'>—</span> <span class='ocrx_word' id='word_1_528' title='bbox 1582 2868 1621 2910; x_wconf 89' lang='grc' dir='ltr'>β.</span> <span class='ocrx_word' id='word_1_529' title='bbox 1647 2869 1775 2903; x_wconf 89' lang='lat' dir='ltr'>hucus-</span> 
     </span>
     <span class='ocr_line' id='line_1_55' title="bbox 116 2914 1772 2961; baseline -0.001 -11"><span class='ocrx_word' id='word_1_530' title='bbox 116 2926 183 2959; x_wconf 91' lang='lat' dir='ltr'>que</span> <span class='ocrx_word' id='word_1_531' title='bbox 207 2929 275 2952; x_wconf 92' lang='lat' dir='ltr'>non</span> <span class='ocrx_word' id='word_1_532' title='bbox 298 2918 367 2953; x_wconf 91' lang='lat' dir='ltr'>nisi</span> <span class='ocrx_word' id='word_1_533' title='bbox 391 2919 427 2952; x_wconf 90' lang='lat' dir='ltr'>in</span> <span class='ocrx_word' id='word_1_534' title='bbox 451 2918 565 2954; x_wconf 87' lang='lat' dir='ltr'>Lusit.</span> <span class='ocrx_word' id='word_1_535' title='bbox 593 2917 742 2952; x_wconf 88' lang='lat' dir='ltr'>australi</span> <span class='ocrx_word' id='word_1_536' title='bbox 770 2918 836 2961; x_wconf 89' lang='lat' dir='ltr'>(pr.</span> <span class='ocrx_word' id='word_1_537' title='bbox 854 2915 1053 2960; x_wconf 87' lang='lat' dir='ltr'>Albufeira,</span> <span class='ocrx_word' id='word_1_538' title='bbox 1078 2914 1278 2959; x_wconf 85' lang='lat' dir='ltr'>BOURG.!).</span> <span class='ocrx_word' id='word_1_539' title='bbox 1304 2935 1348 2939; x_wconf 92' lang='lat'>—-</span> <span class='ocrx_word' id='word_1_540' title='bbox 1376 2922 1402 2956; x_wconf 74' lang='grc' dir='ltr'>ιι</span> <span class='ocrx_word' id='word_1_541' title='bbox 1425 2915 1630 2950; x_wconf 83' lang='lat' dir='ltr'>Jun.—Jul.</span> <span class='ocrx_word' id='word_1_542' title='bbox 1658 2919 1701 2955; x_wconf 86' lang='lat' dir='ltr'>(v.</span> <span class='ocrx_word' id='word_1_543' title='bbox 1730 2914 1772 2957; x_wconf 87' lang='lat' dir='ltr'>s.)</span> 
     </span>
    </p>
   </div>
   <div class='ocr_carea' id='block_1_11' title="bbox 68 2993 1772 3090">
    <p class='ocr_par' dir='ltr' id='par_1_12' title="bbox 68 2993 1772 3090">
     <span class='ocr_line' id='line_1_56' title="bbox 162 2993 1770 3041; baseline -0.002 -11"><span class='ocrx_word' id='word_1_544' title='bbox 162 2998 264 3032; x_wconf 81' lang='lat'>2137.</span> <span class='ocrx_word' id='word_1_545' title='bbox 313 3001 359 3033; x_wconf 88' lang='lat' dir='ltr'>P.</span> <span class='ocrx_word' id='word_1_546' title='bbox 385 3002 602 3034; x_wconf 83' lang='lat' dir='ltr'>maritima</span> <span class='ocrx_word' id='word_1_547' title='bbox 626 2998 667 3032; x_wconf 95' lang='lat' dir='ltr'>L.</span> <span class='ocrx_word' id='word_1_548' title='bbox 694 2998 774 3033; x_wconf 90' lang='lat' dir='ltr'>Cod.</span> <span class='ocrx_word' id='word_1_549' title='bbox 811 3009 841 3031; x_wconf 91' lang='lat' dir='ltr'>n.</span> <span class='ocrx_word' id='word_1_550' title='bbox 870 2998 955 3032; x_wconf 81' lang='lat'>935!</span> <span class='ocrx_word' id='word_1_551' title='bbox 1005 2996 1076 3033; x_wconf 82' lang='lat' dir='ltr'>GR.</span> <span class='ocrx_word' id='word_1_552' title='bbox 1103 2996 1232 3031; x_wconf 81' lang='lat' dir='ltr'>GODR.</span> <span class='ocrx_word' id='word_1_553' title='bbox 1265 2996 1287 3030; x_wconf 93' lang='lat' dir='ltr'>l.</span> <span class='ocrx_word' id='word_1_554' title='bbox 1314 3007 1341 3031; x_wconf 89' lang='lat' dir='ltr'>c.</span> <span class='ocrx_word' id='word_1_555' title='bbox 1376 3008 1409 3041; x_wconf 86' lang='lat' dir='ltr'>p.</span> <span class='ocrx_word' id='word_1_556' title='bbox 1436 2997 1521 3031; x_wconf 84' lang='lat'>723!</span> <span class='ocrx_word' id='word_1_557' title='bbox 1571 2995 1696 3029; x_wconf 86' lang='lat' dir='ltr'>RCHB.</span> <span class='ocrx_word' id='word_1_558' title='bbox 1723 2993 1770 3028; x_wconf 91' lang='lat' dir='ltr'>Ic.</span> 
     </span>
     <span class='ocr_line' id='line_1_57' title="bbox 68 3040 1772 3090; baseline -0.001 -14"><span class='ocrx_word' id='word_1_559' title='bbox 68 3043 90 3076; x_wconf 95' lang='grc'>1.</span> <span class='ocrx_word' id='word_1_560' title='bbox 116 3053 144 3077; x_wconf 90' lang='lat' dir='ltr'>c.</span> <span class='ocrx_word' id='word_1_561' title='bbox 176 3048 200 3077; x_wconf 95' lang='lat' dir='ltr'>t.</span> <span class='ocrx_word' id='word_1_562' title='bbox 225 3045 287 3089; x_wconf 76' lang='lat'>81,</span> <span class='ocrx_word' id='word_1_563' title='bbox 320 3045 343 3079; x_wconf 87' lang='lat' dir='ltr'>f.</span> <span class='ocrx_word' id='word_1_564' title='bbox 369 3046 403 3080; x_wconf 80' lang='lat' dir='ltr'>I!</span> <span class='ocrx_word' id='word_1_565' title='bbox 454 3046 505 3090; x_wconf 92' lang='lat' dir='ltr'>(P.</span> <span class='ocrx_word' id='word_1_566' title='bbox 532 3046 711 3080; x_wconf 86' lang='lat' dir='ltr'>maritima</span> <span class='ocrx_word' id='word_1_567' title='bbox 736 3045 885 3078; x_wconf 84' lang='lat' dir='ltr'>DCSNE.</span> <span class='ocrx_word' id='word_1_568' title='bbox 916 3043 937 3078; x_wconf 92' lang='grc'>1.</span> <span class='ocrx_word' id='word_1_569' title='bbox 964 3055 992 3078; x_wconf 90' lang='lat' dir='ltr'>c.</span> <span class='ocrx_word' id='word_1_570' title='bbox 1029 3054 1071 3078; x_wconf 85' lang='lat' dir='ltr'>ex</span> <span class='ocrx_word' id='word_1_571' title='bbox 1097 3056 1150 3089; x_wconf 87' lang='lat' dir='ltr'>p.,</span> <span class='ocrx_word' id='word_1_572' title='bbox 1187 3043 1226 3077; x_wconf 92' lang='lat' dir='ltr'>P.</span> <span class='ocrx_word' id='word_1_573' title='bbox 1253 3043 1433 3086; x_wconf 86' lang='lat' dir='ltr'>graminea</span> <span class='ocrx_word' id='word_1_574' title='bbox 1458 3042 1621 3076; x_wconf 51' lang='lat' dir='ltr'>LAMKA.</span> <span class='ocrx_word' id='word_1_575' title='bbox 1672 3040 1772 3075; x_wconf 87' lang='lat' dir='ltr'>Laxe</span> 
     </span>
    </p>
   </div>
  </div>
 </body>
</html>
