1947 3296
965 105 1059 151 282

311 226 349 267 β.
376 226 589 261 echinata
623 225 669 271 (J.
696 227 862 262 echinata
894 227 977 261 BSS.
1004 226 1128 261 REUT.
1155 226 1282 269 Pugill.
1309 238 1341 271 p.
1369 226 1455 270 732).
1503 226 1712 263 Robustior.
1738 238 1859 264 canes-

370 283 469 316 cens⁷
505 273 664 308 caulibus
702 273 912 314 1—1¹s2¹l.
950 274 1086 307 inferne
1123 284 1200 307 cum
1236 272 1330 308 foliis
1364 273 1446 317 pilis
1478 272 1599 316 rigidis
1624 274 1715 309 albis
1749 274 1860 320 hispi-

369 318 539 361 dissimis,
574 320 667 355 foliis
691 320 804 363 magis
829 320 1022 360 undulatis,
1058 318 1281 354 inferioribus
1307 319 1681 363 oblongo-lanceolatis
1706 321 1860 356 crenatis

375 366 410 400 in
435 366 603 410 petiolum
627 367 882 410 longiusculum
907 367 1113 411 attenuatis,
1145 366 1384 410 superioribus
1414 367 1620 402 lanceolatis
1650 367 1860 402 linearibus-

369 423 447 457 que,
471 412 636 448 calathiis
664 412 800 457 ³f4—l‘¹
825 413 940 454 diam„
968 413 1100 457 phyllis
1124 423 1245 456 grosse
1263 413 1416 448 crenatis
1442 414 1632 449 serratisve
1660 413 1860 459 hispidulis,

368 458 542 494 interdum
574 459 838 504 amethystinis,
876 459 1058 503 pedicellis
1083 459 1239 493 ovarium
1264 459 1496 503 aequantibus
1534 472 1563 494 v.
1598 460 1860 505 superantibus,

371 505 509 540 laciniis
543 505 672 551 calycis
699 506 883 541 latioribus
917 506 1002 541 tubo
1027 506 1133 551 duplo
1158 506 1306 551 triplove
1332 506 1547 549 longioribus
1571 507 1704 542 corolla
1728 507 1858 542 triente

370 552 598 587 brevioribus.

302 609 337 642 y.
363 599 554 643 gracilis
587 598 685 632 LGE.
709 597 838 641 Pugill.
876 609 909 642 p.
938 599 1019 632 155!
1052 598 1196 641 gracilis
1240 599 1467 642 glabrescens
1503 598 1646 641 viridis,
1682 598 1777 634 foliis
1809 598 1861 633 in-

369 645 481 726 tlegris
514 645 615 689 longe
646 645 793 689 ciliatis,
831 644 1038 689 pedunculis
1068 645 1240 688 elongatis
1270 645 1510 691 filiformibus,
1547 646 1711 681 calathiis
1744 645 1861 680 4—5‘¹

398 703 477 727 iam.

257 735 298 770 In
324 738 492 782 arenosis,
517 738 747 782 rupestribus,
772 736 857 772 locis
883 736 993 772 aridis
1019 737 1172 780 regionis
1198 737 1375 773 inferioris
1400 743 1436 772 et
1460 743 1647 772 montanae
1671 748 1735 782 per
1751 743 1861 772 totam

213 781 440 828 Hispaniam:
480 796 515 818 α.
540 785 576 818 in
600 784 754 828 provinc.
785 784 988 818 borealibus
1014 785 1300 828 centralibusque
1327 786 1369 828 (v,
1395 796 1423 819 c.
1449 795 1559 829 prope
1586 785 1688 823 Irun,
1724 784 1862 819 Somor-

200 836 338 875 rostro,
367 831 540 874 Sopuerta
564 837 599 865 et
626 831 711 864 alibi
735 831 770 864 in
795 830 1000 873 Cantabria,
1036 832 1070 865 in
1102 832 1192 865 valle
1216 832 1353 866 Baztan
1377 831 1576 875 Navarrae,
1609 831 1645 865 in
1669 831 1860 875 Aragonia,

212 886 240 909 c.
266 876 372 919 Jaca,
409 878 445 911 in
470 877 589 911 Sierra
615 877 656 911 de
682 877 871 922 Moncayo⁷
910 889 939 911 c.
965 877 1191 922 Salamanca,
1229 878 1336 922 Bejar
1360 885 1427 913 etc.
1454 877 1556 921 WK.)
1583 878 1668 912 alibi
1693 888 1790 921 rar03
1815 897 1859 902 —

212 925 248 961 β.
276 923 310 956 in
334 923 506 967 Hispania
530 924 678 958 centrali
704 930 739 958 et
762 924 953 968 praecipue
979 925 1129 959 australi
1151 925 1319 969 frequens
1351 926 1392 968 (c.
1418 924 1634 969 Ayamonte,
1667 925 1700 959 S.
1726 924 1859 969 Roque,

214 969 368 1015 Malaga,
394 970 673 1013 Velez-Malaga,
697 970 743 1009 ad
767 970 874 1005 radic.
895 970 1032 1005 Sierrae
1051 971 1217 1016 Tejedae,
1242 972 1278 1005 in
1303 982 1374 1014 reg.
1401 977 1505 1006 mont.
1524 971 1664 1006 Sierrae
1681 971 1859 1015 Nevadae,

215 1015 317 1059 WK.,
354 1028 407 1061 pr.
444 1016 610 1051 Granada
642 1017 718 1051 FK!
747 1017 908 1059 CAMPO,
934 1017 1075 1062 Ronda,
1102 1018 1224 1058 Cadiz,
1250 1018 1355 1060 BSS.,
1390 1017 1425 1051 in
1450 1018 1656 1053 Extremad.
1681 1018 1717 1052 in
1742 1017 1862 1052 Sierra

213 1061 255 1096 de
280 1063 315 1097 la
340 1064 497 1099 casteria
521 1075 573 1107 pr.
600 1063 795 1107 Plasencia,
820 1064 991 1098 BOURG.!
1025 1075 1067 1098 en
1093 1065 1125 1099 el
1150 1064 1277 1107 Pardo,
1304 1076 1332 1099 c.
1359 1064 1580 1108 Chamartin,
1615 1065 1650 1098 iu
1676 1065 1794 1099 Sierra
1819 1064 1861 1098 de

213 1107 474 1153 Guadarrama⁷
512 1111 616 1147 BSS..
653 1111 797 1152 REUT.,
834 1110 1039 1155 BOURG.!),
1075 1112 1181 1146 etiam
1215 1112 1250 1145 in
1275 1112 1396 1146 Astur.
1430 1111 1486 1154 (ad
1511 1111 1648 1153 Cangas
1674 1111 1716 1145 de
1742 1111 1862 1154 Tineo,

214 1156 422 1201 BOURG.!);
459 1176 504 1182 -—
540 1170 575 1202 22
611 1157 647 1190 in
678 1157 820 1192 ericetis
844 1157 1059 1201 rupibusque
1085 1157 1264 1193 Galleciae
1301 1159 1342 1201 (c.
1369 1158 1535 1201 Santiago
1563 1158 1605 1192 de
1630 1158 1862 1203 Compostela,

214 1201 349 1247 COLM.‚
364 1204 492 1247 LGE.!)
519 1209 554 1239 et
570 1204 669 1246 regni
686 1203 831 1247 Legion.
847 1204 1080 1247 (villafranca
1098 1205 1154 1239 del
1170 1204 1308 1247 Vierzo,
1330 1204 1441 1249 LGrE.)
1456 1224 1500 1229 -
1516 1206 1543 1244 ό
1561 1204 1748 1249 Apu-dun.
1767 1205 1809 1243 (v.
1819 1205 1863 1248 ν.)

258 1249 348 1284 Hab.
375 1260 467 1295 spec.
491 1250 526 1284 in
552 1250 644 1285 omni
669 1251 742 1284 fere
768 1251 923 1295 Europa,
948 1261 1019 1286 var.
1046 1254 1082 1294 β.
1108 1251 1214 1286 etiam
1239 1252 1274 1285 in
1300 1251 1414 1286 Lusit.
1441 1251 1590 1286 australi
1615 1257 1650 1285 et
1674 1251 1806 1286 Sicilia.

259 1306 433 1342 Observ.
495 1308 662 1342 Varietas
700 1320 734 1343 α.
772 1314 807 1343 et
844 1308 881 1350 β.
917 1309 1038 1344 formis
1076 1309 1294 1344 intermediis
1331 1309 1465 1344 crebris
1501 1309 1630 1344 sensim
1667 1314 1863 1351 transeunt,

215 1354 440 1397 quamobrem
465 1354 498 1388 J.
525 1355 724 1389 echinatam
757 1367 822 1399 pro
854 1357 970 1400 specie
1005 1356 1171 1391 distincta
1208 1357 1341 1390 habere
1378 1356 1561 1391 haesitavi.
1608 1356 1692 1390 Var.
1728 1369 1764 1401 χ.
1795 1366 1864 1390 non

212 1400 280 1435 nisi
304 1400 416 1436 forma
446 1411 565 1434 macra
598 1402 761 1444 gracilior
791 1403 974 1437 varietatis
1013 1415 1048 1437 0.
1086 1403 1173 1436 mihi
1206 1413 1284 1437 esse
1308 1402 1456 1438 videtur.
1483 1422 1526 1426 —
1553 1401 1688 1446 Stirpes
1713 1403 1758 1437 ab
1783 1413 1863 1437 auc-

212 1447 347 1482 toribus
383 1447 577 1491 hispanicis
613 1448 677 1482 sub
715 1449 853 1483 nomine
885 1449 918 1483 J.
956 1455 1142 1483 montanae
1179 1457 1404 1484 enumeratae
1435 1449 1479 1484 ad
1509 1449 1625 1484 varias
1652 1449 1725 1484 sine
1755 1449 1861 1484 dubio

212 1493 341 1546 formas
366 1499 401 1529 et
425 1494 576 1529 fortasse
603 1496 737 1540 species
761 1497 957 1541 pertinent,
989 1497 1215 1540 quamobrem
1241 1497 1408 1532 stationes
1432 1497 1477 1531 ab
1502 1496 1572 1531 illis
1597 1495 1771 1531 indicatas
1795 1506 1864 1530 non

212 1546 328 1575 citavr

212 1632 261 1674 ††
291 1636 486 1667 Perenne&
535 1633 677 1668 Hei-bae
702 1634 922 1678 caespitosae
947 1635 1110 1675 humiles,
1139 1634 1294 1669 stolones
1317 1646 1348 1669 ν.
1374 1634 1511 1669 rosulas
1536 1634 1699 1669 foliorum
1726 1635 1864 1670 steriles

373 1686 606 1759 pepennantes
638 1691 680 1714 ex
705 1681 899 1716 rhizomate
925 1681 1085 1726 edentes,
1121 1681 1216 1717 foliis
1249 1681 1402 1716 caulium
1427 1681 1653 1716 inferioribus
1679 1692 1785 1726 saepe
1809 1693 1863 1715 ro-

375 1737 414 1760 su
432 1732 510 1760 atis.

268 1796 366 1829 1943.
415 1797 454 1829 J.
480 1797 654 1829 humilis
686 1795 793 1831 LOIS.
826 1796 907 1830 Not.
943 1808 975 1841 p.
1001 1798 1057 1830 42.
1106 1796 1178 1831 DC.
1210 1796 1231 1831 l.
1265 1807 1293 1831 e.
1325 1807 1359 1840 p.
1386 1797 1472 1831 416!
1523 1795 1594 1831 GR.
1620 1796 1748 1831 GODR.
1787 1796 1809 1830 l.
1835 1808 1863 1831 c.

167 1853 200 1884 p.
221 1842 306 1875 399!
335 1841 381 1885 (J.
400 1848 565 1876 montana
591 1846 627 1883 μ’.
655 1842 797 1877 humilis
822 1843 955 1885 PERS„
979 1843 1012 1878 J.
1031 1844 1193 1887 perennis
1218 1846 1254 1884 β.
1280 1842 1390 1882 LAP.,
1415 1842 1449 1877 J.
1467 1843 1638 1877 undulata
1662 1845 1699 1886 β.
1717 1843 1864 1886 Lama,

167 1888 365 1931 Phyteuma
388 1888 506 1932 crispa
531 1889 700 1932 POURR.)
738 1890 948 1933 Canescens,
973 1891 1131 1925 caulibus
1151 1890 1422 1935 pubescentibus
1445 1890 1579 1925 villosis
1604 1890 1864 1929 tomentosisve,

166 1933 315 1978 foliosis3
340 1934 435 1969 foliis
452 1935 634 1969 sessilibus
652 1936 954 1979 lineari-oblongis
972 1949 1000 1970 v.
1021 1937 1332 1979 liuguaeformibus
1347 1936 1482 1971 obtusis
1496 1936 1730 1980 integerrimis
1749 1937 1864 1981 planis

167 1992 196 2014 V.
223 1980 402 2015 undulatis
427 1981 893 2026 cartilagine«»-nia1·ginatis;
920 1983 1052 2027 phyllis
1077 1984 1187 2018 ovatis
1213 1983 1369 2017 obovatis
1396 1983 1554 2017 ovalibus
1571 1995 1600 2017 v.
1618 1983 1866 2017 ovali-lanceo-

169 2027 251 2061 latis
277 2027 434 2070 margine
460 2028 540 2072 plus
565 2028 679 2061 minus
705 2029 1172 2072 cartilagines»—incrassatis
1206 2042 1234 2063 v.
1269 2030 1500 2064 subrevolutis
1526 2029 1865 2074 repando-dentatis

169 2074 370 2117 integrisve,
396 2074 629 2109 exterioribus
653 2075 788 2109 obtusis
814 2076 1040 2111 interioribus
1065 2077 1197 2120 acutis,
1234 2075 1380 2111 floribus
1405 2073 1582 2121 'pedicello
1617 2087 1737 2111 crasso
1769 2075 1867 2110 brevi

167 2125 228 2154 aut
253 2120 456 2154 abbreviato
481 2120 601 2163 glabro
628 2120 795 2163 suffultis,
827 2121 958 2165 calycis
989 2123 1125 2157 laciniis
1150 2123 1538 2158 lanceolato-subulatis
1563 2122 1866 2166 subpungentibus

166 2166 396 2210 lanuginosis,
417 2167 501 2201 tubo
519 2167 625 2210 duplo
645 2167 861 2210 longioribus
877 2169 1028 2203 corollae
1046 2169 1236 2212 segmentis
1260 2169 1452 2203 linearibus
1475 2168 1618 2203 dimidio
1635 2169 1866 2204 brevioribus.

168 2232 213 2237 -
238 2213 380 2257 Species
418 2214 527 2256 magis
553 2213 667 2248 adhuc
692 2214 870 2249 variabilis
896 2226 999 2258 quam
1024 2214 1057 2249 J.
1083 2222 1266 2258 montana,
1291 2226 1363 2249 var.
1390 2226 1416 2249 ε.
1441 2215 1562 2250 formis
1587 2214 1804 2250 intermediis
1829 2215 1866 2248 in

169 2260 322 2304 speciem
343 2266 546 2302 sequentem
564 2260 691 2293 sensim
715 2261 902 2295 transiens.
951 2262 1154 2296 Varietates
1182 2262 1216 2296 h.
1242 2261 1264 2295 1.
1291 2261 1479 2296 distinctae
1504 2261 1578 2296 fere
1603 2272 1722 2298 omnes
1746 2262 1867 2296 formis

168 2305 386 2340 intermediis
411 2307 616 2350 conjunctae
641 2306 787 2351 ideoque
813 2318 917 2351 aegre
943 2307 1162 2343 definiendae
1186 2314 1278 2342 sunt.

255 2376 286 2399 a.
313 2363 443 2408 Phylla
468 2363 636 2398 involucri
670 2365 998 2409 repando-dentata
1030 2366 1160 2411 pallide
1193 2365 1329 2400 viridia.
1377 2365 1546 2399 Pedicelli
1584 2364 1709 2398 florum
1746 2363 1865 2399 ovario

309 2410 487 2445 breviores
513 2422 542 2444 v.
570 2411 723 2445 subnulli
749 2412 795 2455 (J.
823 2411 1029 2447 sessilifiora
1055 2413 1139 2447 BSS.
1165 2412 1290 2447 REUT.
1317 2411 1419 2454 Diag.
1444 2424 1477 2456 p.
1504 2413 1543 2445 21
1560 2411 1591 2453 !).

311 2470 346 2493 α.
372 2463 599 2492 montana:
633 2459 866 2502 multicaulis,
892 2459 1086 2494 rhizomate
1111 2470 1246 2504 crasso,
1272 2459 1432 2494 caulibus
1456 2457 1642 2493 humifusis
1666 2469 1696 2491 v.
1723 2456 1868 2492 adscen-

378 2502 540 2539 dentibus
574 2505 689 2538 2—-8‘⁴
714 2505 754 2548 l.,
801 2506 1017 2549 simplicibus
1048 2518 1078 2540 v.
1113 2506 1176 2540 sub
1208 2506 1308 2550 apice
1340 2505 1543 2548 ramulosis,
1581 2504 1716 2548 apicem
1745 2513 1867 2538 versus

379 2549 493 2594 nudis,
518 2551 672 2585 calathio
699 2552 827 2585 7—9“¹
853 2552 968 2596 diam,
995 2552 1138 2587 corollis
1162 2553 1298 2587 intense
1324 2552 1506 2587 coeruleis.
1554 2551 1682 2585 Variat
1707 2549 1866 2585 caulibus

379 2596 479 2639 apice
504 2597 658 2631 breviter
682 2597 784 2633 nudis
810 2599 874 2632 sub
900 2599 1054 2633 calathio
1079 2601 1301 2642 tomentosis,
1334 2599 1429 2633 foliis
1458 2597 1590 2633 ciliatis
1615 2602 1769 2631 ceterum
1794 2595 1867 2640 gla-

378 2643 470 2681 bris,
500 2642 647 2678 floribus
669 2645 822 2679 breviter
845 2645 1066 2689 pedicellatis
1091 2645 1136 2689 (J.
1156 2646 1298 2680 humilis
1316 2645 1466 2679 ENDR.!
1491 2644 1538 2688 pl.
1563 2655 1638 2689 pyr.
1664 2643 1805 2682 exsicc.)
1832 2647 1868 2677 et

379 2689 538 2724 caulibus
564 2691 664 2734 apice
688 2692 826 2734 longius
852 2691 953 2726 nudis
978 2692 1296 2737 glabrescentibus,
1330 2692 1446 2725 infern
1472 2701 1570 2725 «cum
1593 2690 1686 2724 foliis
1710 2688 1867 2733 hispido-

380 2735 515 2777 pilosis,
541 2736 685 2771 floribus
712 2738 961 2773 subsessilibus
987 2738 1036 2775 (J.
1063 2738 1267 2774 sessiliflora
1292 2750 1326 2772 ο.
1351 2744 1519 2772 montana
1534 2736 1759 2771 BSS.REUT.
1775 2734 1866 2777 l.c.).

381 2780 510 2815 Forma
536 2784 663 2826 prioris
689 2784 856 2826 gracilior
879 2785 1115 2830 microphylla
1140 2792 1175 2820 et
1198 2784 1472 2828 microcephala,
1498 2783 1592 2818 foliis
1618 2782 1866 2827 glabrescenti-

380 2827 454 2869 bus,
485 2829 649 2864 calatbiis
674 2832 731 2863 4¹¹‘
758 2831 862 2865 diam.
887 2838 941 2866 est
964 2831 998 2866 J.
1023 2832 1134 2866 fallax
1160 2831 1248 2866 WK.
1274 2831 1364 2866 Sert.
1390 2842 1422 2875 p.
1450 2830 1505 2863 96.

311 2874 349 2915 β.
381 2877 664 2919 campestris:
704 2877 823 2912 caules
859 2879 968 2912 erecti
999 2890 1028 2912 v.
1059 2878 1314 2913 adscendentes
1346 2875 1525 2921 simplices
1557 2887 1586 2910 v.
1617 2873 1746 2926 medio·
1765 2872 1867 2925 valde

386 2921 527 2966 ramosi,
552 2923 741 2965 4—10“l.,
766 2935 845 2958 cum
869 2924 975 2959 ramis
998 2935 1020 2959 a
1044 2925 1158 2960 medio
1183 2924 1277 2965 nudi,
1301 2929 1403 2967 parte
1427 2922 1578 2957 foliifera
1593 2920 1695 2955 valde
1711 2919 1867 2964 hlspido-

381 2967 504 3010 pilosi,
531 2967 623 3004 foliis
647 2969 850 3014 phyllisque
874 2971 1032 3015 margine
1057 2971 1184 3006 eximie
1209 2967 1679 3014 cartilagineo-incrassatis,
1703 2966 1869 3001 calathiis

383 3014 509 3048 5—8“‘
536 3013 639 3049 diam.
674 3015 818 3052 fioribus
852 3017 1056 3052 brevissime
1092 3017 1332 3063 pedicellatis,
1368 3015 1540 3061 pedicello
1574 3013 1761 3059 calyceque
1794 3018 1867 3047 toto
