1947 3296
982 135 1079 179 204

174 255 322 292 ceolatis
348 254 553 301 cuspidatis,
579 256 698 300 ligulis
723 261 826 291 extus
851 257 1104 301 nigro-pilosis,
1127 257 1240 300 paleis
1267 257 1366 302 apice
1388 257 1557 302 dilatatis,
1583 257 1744 292 antheris
1760 258 1880 299 fuscis,

175 302 359 338 achaeniis
385 303 553 347 obovatis,
581 314 708 338 corona
733 304 830 338 brevi
856 304 1073 338 denticulata
1097 303 1251 338 munitis.

266 348 307 383 In
331 349 425 384 arvis
450 349 559 384 aridis
589 351 742 394 regionis
776 350 953 385 inferioris
979 350 1174 394 Hispaniae
1208 350 1393 394 centralis,
1427 349 1608 384 orientalis
1643 355 1679 384 et
1711 351 1879 387 australis

219 396 369 440 passim:
396 397 432 429 in
449 400 597 440 utraque
617 398 709 432 Cast.
732 397 881 441 (COLM.,
908 398 944 431 in
961 407 1045 439 agro
1061 396 1221 441 Madrit.,
1247 397 1414 440 PROL.!),
1440 397 1551 431 Catal.
1580 396 1744 441 (COLM.),
1770 408 1880 441 regno

219 443 332 477 Mure.
359 443 539 487 (GUIR.!),
573 443 718 479 Granat.
744 445 785 487 (c.
811 444 973 487 Malaga,
1009 443 1210 488 Estepona,
1236 444 1340 484 BSS.,
1376 443 1420 477 ad
1452 442 1534 478 fluv.
1561 443 1736 489 Cubillas,
1765 444 1880 488 WK.),

220 490 336 525 Jienn.
364 490 495 534 (Sierra
519 490 667 525 Morena
702 491 763 525 int.
790 490 915 524 Ubeda
949 496 983 524 et
1008 490 1040 524 S.
1068 490 1246 534 Esteban,
1281 490 1343 524 int.
1378 490 1560 534 Carolina,
1594 489 1815 525 Guarroman
1846 498 1881 526 et

218 537 370 582 Baylen,
402 536 566 581 Andujar
599 543 634 572 et
666 537 827 572 Montoro
853 536 975 580 ΨΚ),
1010 536 1110 570 Baet.
1148 538 1189 578 (c.
1227 536 1376 577 Sevilla.
1402 537 1542 572 BOU's.!
1577 538 1639 571 int.
1673 537 1812 573 Coronil
1846 545 1881 573 et

220 583 350 618 Utrera
381 589 486 627 atque
518 584 553 618 in
582 596 678 629 pror.
706 583 824 618 Gadit.
858 595 886 618 c.
913 584 1042 627 Areos,
1076 582 1382 617 Medma-Sidonia
1407 590 1472 619 etc.
1499 583 1738 627 abundanter,
1764 584 1880 631 WK.),

219 630 368 665 Gibralt.
397 630 532 674 (KEL.).
561 651 602 655 -
633 634 674 672 O
701 630 924 673 Jun—Aug.
953 630 994 673 (v.
1025 630 1079 673 v.).
1134 629 1390 673 »Tagardina«

266 678 358 712 Hab.
384 678 419 711 in
444 676 557 712 Lusit.
584 682 728 721 totaque
753 688 842 711 zona
867 677 1139 711 mediterranea.

268 748 368 780 1729.
404 749 464 780 Sc.
490 749 740 789 hispanicus
765 746 806 781 L.
833 746 915 781 Cod.
942 757 974 780 n.
996 747 1105 780 5925!
1133 745 1204 780 GR.
1223 744 1353 780 GODR..
1381 746 1403 780 l.
1423 758 1462 785 c..
1488 747 1613 781 RCHB.
1640 747 1688 782 Ic.
1715 747 1772 782 lc.
1798 753 1822 783 t.
1843 750 1878 782 1!

174 793 241 837 (Se.
270 793 510 837 Theophrasti
535 794 740 837 hispanicus
765 793 878 828 CLUS.
903 793 925 827 l.
953 804 993 828 c..
1020 792 1202 837 Myscelus
1228 793 1511 837 microceplialus
1538 794 1664 838 CASS.)
1707 794 1835 829 Differt
1861 805 1881 829 a

172 840 335 885 praeced.
365 841 553 884 praecipue
585 840 751 875 calathiis
777 841 984 875 lateralibus
1010 840 1044 873 in
1073 840 1207 884 spicam
1232 839 1470 884 interruptam
1496 841 1658 875 t'oliosam
1685 841 1878 886 dispositis,

170 887 263 922 foliis
288 886 471 921 floralibus
490 899 557 921 non
574 888 776 931 pectinatis.
802 887 920 930 ligulis
938 887 1082 930 glabris,
1109 887 1269 920 antheris
1286 885 1399 931 flavis,
1426 887 1540 931 paleis
1558 887 1659 932 apice
1678 889 1880 933 coarctatis,

172 934 350 968 achaeniis
376 934 543 971 clavatis.
576 935 612 968 in
644 933 739 969 disco
765 935 881 980 epigy‘⁴
897 946 915 968 ι)
941 934 1036 968 intra
1060 933 1261 968 coronulam
1287 939 1382 969 setas
1408 935 1428 967 2
1454 934 1588 977 rigidas
1614 934 1797 970 scabridas
1822 946 1881 979 ge-

172 981 341 1015 rentibus.
367 1000 411 1005 —
438 981 556 1015 Caulis
593 980 716 1024 ¹s2—3¹
743 982 780 1016 l..
820 981 1223 1024 scabrido-pubescens,
1261 990 1339 1014 cum
1373 981 1480 1015 ramis
1516 981 1716 1025 interrupte
1750 982 1879 1017 alatus.

173 1028 275 1062 Folia
306 1038 410 1062 nervo
442 1027 556 1062 medio
587 1039 707 1063 crasso
741 1029 821 1062 albo
853 1028 1026 1063 instructa
1052 1027 1113 1061 sed
1138 1027 1297 1069 margine
1324 1038 1393 1061 non
1419 1028 1878 1072 cartilagineo-incrassata

171 1074 311 1109 caulina
327 1074 481 1108 breviter
498 1074 733 1111 decurrentia.
759 1075 865 1109 etiam
882 1073 1023 1109 floralia
1040 1073 1417 1118 sinuato-pinnatifida,
1445 1075 1534 1110 lobis
1553 1075 1880 1120 spinoso-dentatis.

174 1120 338 1156 Calathia
361 1122 397 1154 in
421 1121 541 1156 axillis
566 1122 728 1156 foliorum
755 1122 963 1157 subsessilia
987 1121 1079 1156 foliis
1104 1121 1374 1157 involucralibus
1401 1123 1421 1156 3
1444 1122 1569 1166 cincta,
1596 1122 1657 1157 sed
1682 1123 1794 1165 magis
1821 1133 1880 1157 ex-

175 1174 269 1203 serta
295 1178 399 1211 quam
423 1168 459 1202 in
485 1169 601 1213 specie
627 1169 873 1214 praecedente.

265 1214 321 1248 Ad
348 1225 510 1258 agrorum
535 1217 723 1259 margines,
750 1216 787 1250 in
813 1215 982 1259 arenosis,
1008 1214 1185 1249 ruderatis
1204 1214 1359 1258 regionis
1377 1214 1555 1250 inferioris
1574 1220 1609 1249 et
1627 1215 1880 1250 submontanae

218 1271 282 1306 per
315 1272 450 1295 omnem
476 1262 687 1307 Hispaniam
719 1263 806 1298 satis
836 1262 1011 1307 frequens.
1049 1281 1087 1286 -
1118 1262 1158 1301 ό.
1185 1261 1411 1304 Just-Aug.
1446 1266 1487 1305 (v.
1512 1262 1568 1306 v.).
1618 1262 1814 1297 »Cardillos
1839 1262 1881 1297 de

221 1318 348 1351 comer.
376 1308 569 1344 Cardillos«
590 1310 746 1354 Castell.,
775 1309 909 1344 »Cardo
926 1309 1065 1344 Maria«
1088 1308 1232 1343 Granat.
1255 1308 1361 1342 »Cart
1385 1309 1476 1351 bort,
1503 1308 1735 1350 Cardellina,<‹
1756 1309 1881 1354 Catal,

226 1354 413 1391 »Cardets«
441 1356 582 1391 Valent.

266 1401 357 1437 Hab.
374 1402 411 1437 in
428 1402 555 1447 Lusit,
573 1403 677 1447 Gall,
702 1403 793 1445 Ital,
820 1401 984 1447 Carniol,
1010 1401 1138 1437 Dalm..
1165 1402 1283 1447 Ture,
1309 1400 1446 1446 Graec..
1472 1401 1616 1447 Tauria,
1644 1402 1751 1447 Sicil.‚
1778 1402 1881 1437 Mau-

220 1448 337 1493 ritan.,
363 1450 523 1495 Madera,
550 1450 720 1486 Canariis.

799 1534 969 1575 Species
994 1532 1268 1572 inquirenda:

176 1615 423 1657 Scolymns
447 1615 769 1658 yrandiflorus
793 1613 914 1649 DESF.
940 1612 994 1647 Fl.
1021 1612 1082 1647 atl.
1101 1611 1147 1655 II,
1173 1624 1206 1656 p.
1226 1613 1306 1652 240,
1332 1617 1356 1646 t.
1376 1612 1460 1646 218!
1480 1631 1526 1635 —
1544 1611 1580 1646 in
1597 1610 1689 1646 Gall.
1716 1612 1880 1655 australi,

383 1659 458 1694 sine
484 1659 588 1695 dubio
613 1660 649 1694 in
674 1660 884 1696 Catalaunia
909 1672 938 1694 v.
965 1669 1073 1703 regno
1098 1658 1299 1693 Valentino.

244 1827 350 1872 Trib.
389 1828 436 1872 Il.
509 1827 586 1886 Hy
604 1829 898 1873 oserideae
937 1829 1067 1874 LEss.
1093 1837 1175 1884 syn.
1204 1839 1282 1871 127.
1315 1837 1386 1872 Dc.
1412 1837 1536 1872 Prodr.
1563 1837 1585 1872 1.
1614 1848 1642 1872 ο.
1668 1850 1701 1883 p.
1729 1838 1790 1873 78!

293 1939 601 1991 Receptaculum
637 1940 873 1979 alveolatum
908 1940 1178 1992 epaleaceum.
1242 1939 1447 1979 Antherae
1481 1937 1773 1989 subcaudatae‚
1817 1951 1882 1991 ap-

176 1997 346 2050 pendice
370 1999 542 2048 oblonga
566 1999 718 2037 obtusa.
770 1999 920 2050 Pappus
947 2000 1167 2048 scmiosus,
1205 1999 1431 2050 paleaccUS.
1467 2002 1533 2036 aut
1566 2001 1728 2036 setosus
1761 1997 1883 2036 inter-

177 2056 267 2094 dum
293 2055 453 2108 duplex,
481 2056 642 2107 saepius
668 2056 859 2095 biformis.
882 2079 933 2084 —-
959 2056 1116 2096 Herbae
1139 2058 1332 2106 inermes,
1357 2056 1563 2101 rarissime
1588 2055 1882 2106 spinescentes.

223 2123 240 2143 *
268 2125 593 2157 (sichon-inette.-
619 2123 802 2157 achaeniis
828 2123 1080 2169 conformibus,
1115 2134 1234 2168 pappo
1260 2123 1411 2168 simplici
1437 2122 1606 2168 paleaceo
1631 2121 1727 2156 brevi
1753 2121 1885 2156 coroni-

389 2169 503 2204 formi.
554 2169 718 2203 Calathia
742 2169 896 2204 bracteis
922 2169 1081 2205 foliaceis
1107 2170 1232 2205 cineta..

294 2240 485 2280 CCCCVI.
558 2241 834 2280 CICHORIUM
874 2242 1017 2281 Tonas.
1057 2242 1151 2281 inst.
1192 2248 1201 2280 t
1254 2240 1360 2280 272!
1432 2240 1673 2280 Anthodium
1723 2239 1883 2292 duplex,

176 2299 356 2338 exterius
389 2299 512 2338 breve
553 2299 796 2353 5-phyllum‚
844 2300 1014 2339 interius
1056 2299 1178 2339 multo
1219 2299 1380 2351 longius
1419 2297 1664 2350 8-phyllum‚
1707 2298 1884 2351 squamis

176 2356 439 2396 interioribus
473 2369 596 2409 saepe
630 2358 818 2397 concavis
853 2358 1042 2398 achaenia
1086 2357 1394 2397 includentibus.
1459 2356 1769 2408 Receptaculum
1803 2355 1882 2408 pla-

177 2426 282 2463 num,
320 2414 485 2454 alveolis
512 2416 692 2467 margine
718 2416 1203 2455 membranaceo-cinctiS.
1248 2415 1451 2455 Acbaenia
1476 2414 1747 2467 persistentia,
1777 2426 1882 2453 com-

175 2484 314 2523 pressa
349 2473 574 2513 subclavata
609 2473 793 2525 angulata
827 2474 978 2526 glabra,
1015 2486 1141 2526 pappo
1175 2473 1342 2526 simplici
1375 2472 1635 2512 coronisormi
1669 2485 1689 2510 e
1713 2471 1883 2524 paleolis

182 2529 525 2570 l——Q-serialibus
559 2532 712 2570 obtusis
753 2531 1028 2584 inaequalibus
1070 2531 1324 2572 denticulatis
1365 2531 1527 2582 saepius
1572 2530 1657 2569 basi
1699 2529 1883 2568 connatis

177 2590 410 2639 composito.
447 2612 498 2616 —
530 2589 687 2628 Herbae
722 2590 804 2629 basi
840 2589 1020 2640 l'oliosae,
1058 2590 1176 2630 ramis
1210 2590 1418 2629 subnudis.
1473 2588 1646 2627 Calathi-a
1681 2587 1753 2626 alia
1789 2587 1881 2627 soli-

177 2646 275 2684 taria
308 2647 544 2694 terminalia,
578 2648 650 2687 alia
684 2648 723 2686 in
756 2648 884 2687 axillis
918 2647 1101 2687 soliorum
1136 2653 1201 2687 aut
1235 2649 1273 2686 in
1307 2646 1557 2687 dichotomiis
1582 2646 1707 2684 caulis
1732 2657 1880 2697 aggre-

177 2708 282 2755 gata,
317 2704 486 2744 bracteis
521 2706 699 2744 foliaceis
733 2706 863 2758 parvis
897 2706 1035 2745 cincta.
1099 2705 1263 2759 Ligulae
1297 2705 1528 2744 coerulcae.

226 2774 321 2805 Sec-t.
352 2773 377 2805 Ι.
429 2774 805 2817 ΑοαηΗιομΙιῃιυη
831 2773 902 2807 DC.
926 2772 950 2807 l.
975 2784 1002 2807 c.
1030 2785 1064 2818 p.
1090 2775 1150 2808 84!
1186 2773 1349 2808 Calathia
1376 2770 1537 2807 sexflora.
1572 2769 1716 2804 Ramuli
1743 2769 1882 2814 aphylli

385 2817 523 2852 demum
548 2818 703 2853 indurati
731 2820 985 2864 spinescentes.
1004 2860 1018 2870 x

272 2886 371 2920 1730.
422 2889 463 2921 Ο.
490 2891 707 2930 spinosum
732 2888 773 2923 L.
800 2889 881 2924 Cod.
907 2900 939 2924 11.
969 2890 1076 2923 5923!
1103 2889 1227 2923 RCHB.
1255 2887 1302 2922 Ic.
1328 2888 1350 2921 l.
1368 2898 1397 2921 c.
1423 2892 1446 2920 t..
1466 2887 1497 2926 6,
1525 2885 1602 2920 f.1!
1639 2884 1881 2929 (Chondrillae

177 2942 286 2976 genus
312 2933 472 2978 elegans,
507 2935 669 2970 coeruleo
700 2935 787 2970 flore
813 2936 927 2971 CLUS.
953 2936 1047 2971 Hist.
1074 2936 1127 2979 II,
1152 2948 1185 2981 p.
1214 2935 1315 2978 1451)
1364 2933 1587 2969 Intricatum.
1623 2932 1723 2966 caule
1757 2931 1883 2966 humili

176 2979 328 3024 repetite
354 2979 569 3025 dichotomo,
604 2982 697 3017 foliis
721 2983 950 3018 inferioribus
974 2982 1188 3023 runcinatis,
1226 2980 1470 3026 superioribus
1494 2978 1682 3025 repandis,
1714 2978 1882 3014 calathiis

176 3026 312 3070 parvis,
345 3027 425 3061 aliis
456 3027 491 3061 in
521 3028 640 3062 axillis
674 3029 857 3064 sessilibus
890 3029 1120 3072 subgeminis.
1156 3028 1237 3062 aliis
1267 3026 1512 3062 terminalibus
1540 3025 1724 3069 solitariis,
1763 3035 1881 3070 pappo

176 3073 389 3108 abbreviato.
