1947 3296
988 88 1079 132 106

277 207 333 242 Ad
359 208 475 243 fossas
502 208 683 244 subsalsas
709 209 783 243 loco
808 209 844 242 la
868 208 1020 252 Algaida
1046 217 1155 252 prope
1183 206 1352 251 Almeria,
1377 205 1495 242 LGE.!
1522 225 1567 230 --
1594 215 1630 247 zi.
1657 206 1742 241 Dec.
1770 208 1812 251 (v.
1839 208 1878 251 s.)

276 254 367 288 Hab.
392 255 428 288 in
453 255 547 290 Sieil.
574 260 608 289 et
632 255 817 289 Barbaria.

278 300 459 336 Observ.
508 301 708 345 Specimina
734 301 843 336 sicula
867 300 1069 335 authentica
1094 311 1161 333 non
1187 299 1267 340 vidi,
1294 298 1354 333 sed
1378 298 1501 343 planta
1526 298 1638 333 sicula
1665 309 1685 334 a
1709 298 1881 334 fratribus

232 346 274 381 E.
308 352 342 382 et
366 347 409 382 A.
435 348 552 382 HUET
576 355 632 382 DU
656 348 871 382 PAVLLLON
904 347 967 381 sub
999 345 1137 379 nomine
1168 345 1337 390 Pyrethri
1370 345 1512 390 hybridi
1545 344 1659 379 GUSS.
1692 344 1881 380 distributa

231 393 427 428 certissime
452 394 497 428 ad
523 395 672 439 speciem
698 394 965 438 praecedentem
991 392 1156 436 pertinet.

305 475 565 516 CCCLXVIII.
629 475 1012 516 GLOSSOPAPPUS
1046 474 1141 514 ΚΖΕ.
1175 475 1212 512 in
1246 474 1358 513 Flora
1398 471 1518 524 1846,
1563 486 1596 525 p.
1633 472 1735 514 748!
1798 474 1880 514 An-

187 532 362 572 thodium
396 535 800 586 subcainpanulatuni‚
835 533 1098 581 imbricatum,
1133 532 1308 583 squamis
1342 531 1622 571 triserialibus.
1685 531 1880 584 Recepta-

185 590 314 629 culum
348 592 550 640 conicum,
595 602 866 630 verrucosum.
930 590 1066 628 Flores
1098 590 1197 628 radii
1230 589 1380 637 neutri,
1423 590 1558 628 ovario
1592 588 1743 629 effoeto
1772 602 1878 629 com—

187 660 332 699 presso
365 649 519 701 lineari,
554 650 678 687 latore
712 648 877 687 ventrali
910 647 947 685 in
972 658 1159 685 coronam
1185 646 1517 697 linguaesormem
1542 647 1716 685 corollae
1741 647 1877 686 tubum

189 710 426 756 aequantem
472 706 542 744 sed
586 718 663 745 non
703 706 928 757 cingentem
973 703 1177 755 producto.
1238 703 1376 743 Flores
1417 705 1514 743 disci
1554 703 1878 756 hermaphroditi,

188 763 282 802 tubo
315 764 489 802 corollae
524 763 606 802 basi
641 762 752 800 valde
786 762 983 813 ampliato,
1019 761 1143 800 latere
1172 761 1373 800 exteriore
1398 762 1496 800 inl'ra
1522 761 1632 800 basin
1656 762 1880 801 cucullatim

188 832 218 860 s.
253 821 417 859 calcaris
450 822 573 859 instar
607 819 814 871 producto,
849 820 973 858 ovarii
1007 824 1045 857 et
1079 823 1216 869 postea
1250 819 1428 858 acbaenii
1463 819 1613 870 apicem
1647 820 1879 871 obtegente,

187 877 314 916 latere
357 878 549 917 bieoslato
591 890 622 915 s.
658 877 820 927 lii-alato,
867 877 986 915 limbo
1031 876 1389 915 inlundibuliformi
1429 876 1694 928 inaequaliter
1738 877 1878 927 ando,

191 935 374 973 dentibus
409 947 549 986 nempe
583 935 737 973 duobus
770 934 1017 986 longioribus
1051 939 1112 977 (ut
1144 934 1182 972 in
1216 934 1456 985 Anacyelo),
1500 935 1684 973 omnibus
1717 934 1879 988 glabris,

189 992 271 1031 basi
302 993 427 1030 solum
462 1005 578 1043 parce
622 992 833 1043 papillosis.
897 991 1096 1030 Achaenia
1138 991 1279 1041 (disci)
1321 992 1511 1040 obovata‚
1555 992 1880 1043 subcompressa7

193 1050 432 1099 maestam„
468 1050 592 1089 costis
628 1050 945 1088 membranaceis
978 1049 1091 1099 albis,
1125 1048 1384 1088 inferioribus
1410 1050 1493 1088 basi
1517 1048 1689 1088 dilatatis
1715 1050 1774 1100 (in
1799 1050 1880 1088 alas

188 1107 505 1150 transeuntibus)
548 1111 587 1145 et
628 1106 940 1155 confluentibus„
986 1107 1211 1145 interstitiis
1263 1106 1439 1146 laevibus
1484 1102 1881 1158 purpurascentibus,

188 1165 316 1203 omnia
359 1176 504 1203 corona
548 1164 769 1203 unilaterali
810 1164 1092 1215 linguaesormi
1132 1164 1364 1216 longissima
1407 1165 1615 1211 (arbaenio
1648 1165 1766 1216 triplo
1797 1165 1879 1204 lon-

189 1222 320 1273 giore)
361 1222 510 1261 (liscum
553 1223 767 1274 epigynum
809 1222 1000 1260 minutum
1041 1222 1312 1260 excentricum
1352 1223 1464 1273 apice
1503 1223 1541 1261 in
1587 1222 1770 1274 cupulam
1813 1235 1881 1262 ex-

189 1284 366 1318 cavatum
401 1292 478 1319 non
513 1280 587 1318 nisi
620 1294 638 1318 a
673 1279 798 1318 latere
833 1279 1036 1318 exteriore
1069 1279 1258 1331 cingente
1293 1281 1453 1319 munita.

286 1358 386 1391 1462.
437 1359 482 1391 G.
509 1360 925 1399 chrysanthemoides
951 1357 1048 1391 KZE.
1073 1358 1096 1392 1.
1116 1369 1144 1392 c.
1172 1358 1399 1403 (Pyrethrum
1424 1358 1586 1403 Myconis
1611 1369 1682 1392 var.
1710 1358 1882 1402 pullatum

190 1404 298 1438 COSS.
325 1404 405 1438 Not.
439 1405 485 1448 pl.
518 1406 593 1439 crit.
632 1417 664 1449 p.
692 1407 753 1440 381
804 1405 1057 1448 Coleostephus
1088 1410 1264 1439 macrotus
1295 1405 1396 1439 DUR.
1427 1416 1481 1449 ap.
1517 1405 1644 1439 DUGH.
1677 1404 1761 1439 Rev.
1796 1405 1882 1439 Feb.

192 1451 293 1484 1846.
320 1451 404 1484 Bss.
431 1452 554 1486 REUT.
581 1452 666 1494 Pug.
705 1464 738 1496 p.
765 1452 850 1495 582).
900 1451 1051 1495 Glaber,
1086 1452 1360 1496 glauco-virens,
1396 1452 1496 1486 caule
1530 1457 1660 1495 erecto,
1687 1453 1825 1486 3-10“
1849 1452 1884 1493 1.,

189 1497 339 1541 simplici
365 1502 426 1531 aut
451 1509 471 1531 a
494 1498 571 1533 basi
597 1509 735 1533 ramoso
761 1498 939 1541 ramisque
964 1498 1302 1542 angulato-striatis,
1334 1499 1442 1533 ramis
1467 1498 1747 1543 monocephalis,
1778 1508 1884 1543 parce

188 1543 337 1587 sonatis,
375 1544 509 1587 apicem
541 1555 662 1579 versus
696 1544 816 1589 nudis;
850 1544 942 1579 foliis
972 1543 1101 1579 infimis
1127 1545 1297 1588 oppositis
1323 1544 1489 1579 confertis
1515 1545 1749 1580 subrosulatis
1772 1544 1885 1589 petio-

187 1589 288 1632 latis‚
322 1591 534 1634 spathulatis
566 1591 690 1626 obtuse
726 1591 895 1635 dentatis,
926 1591 1061 1635 parvis,
1094 1591 1222 1626 ceteris
1254 1591 1436 1626 sessilibus
1468 1591 1885 1636 semiamplexicaulibus,

190 1636 415 1672 inferioribus
439 1638 510 1672 late
536 1638 904 1681 oblongo-linearibus,
930 1637 1030 1681 apice
1056 1636 1226 1681 dilatatis,
1253 1648 1273 1671 a
1296 1638 1374 1672 basi
1400 1637 1443 1671 ad
1469 1637 1622 1672 medium
1647 1637 1885 1673 sinuato-den-

188 1683 282 1723 tatis,
309 1683 433 1717 deinde
459 1684 741 1729 subpinnatifidis
767 1684 930 1726 dentatis,
955 1683 1079 1718 mediis
1105 1684 1382 1727 ovato-oblongis
1407 1684 1701 1719 sinuatodentatis
1727 1684 1885 1719 summis-

188 1740 254 1773 que
279 1729 628 1766 lineari-lanceolatis
654 1731 866 1773 subintegris
892 1729 1023 1773 acutis3
1057 1730 1222 1765 calathiis
1257 1731 1320 1765 sub
1352 1731 1492 1766 anthesi
1519 1729 1587 1774 3l4“
1610 1731 1692 1775 lat,
1725 1731 1885 1765 anthodii

188 1787 255 1810 non
280 1776 473 1811 umbilicati
499 1778 653 1821 squamis
679 1777 914 1812 exterioribus
939 1776 1098 1811 ovalibus
1132 1777 1530 1821 scarioso-marginatis,
1564 1777 1690 1812 mediis
1726 1782 1761 1812 et
1785 1787 1886 1821 prae-

189 1823 289 1867 cipue
315 1823 445 1858 intimis
470 1825 570 1868 apice
596 1825 631 1858 in
656 1824 886 1868 appendicem
912 1823 1103 1858 scariosam
1129 1824 1372 1867 spathulatam
1398 1823 1574 1868 dilatatis3
1606 1824 1706 1858 radio
1729 1828 1765 1859 et
1788 1824 1885 1859 disco

190 1879 311 1911 aureo,
336 1869 516 1905 achaeniis
543 1870 621 1912 ³l4“'
648 1871 681 1915 1.‚
708 1881 836 1905 corona
863 1869 1039 1912 2¹l2—-3“¹
1065 1870 1180 1913 longa.

280 1915 321 1949 In
355 1916 500 1952 collibus
540 1917 647 1952 aridis
688 1916 857 1961 lapidosis
899 1916 1069 1959 glareosis
1106 1916 1315 1960 rupiumque
1348 1914 1487 1950 fissuris
1521 1915 1677 1959 regionis
1711 1915 1887 1951 inferioris

236 1962 335 2004 regni
359 1961 505 1998 Granat.
544 1965 591 2007 (in
622 1964 775 2008 provinc.
806 1962 1026 1997 Malacitana
1058 1962 1265 1997 occidentali
1298 1961 1481 2006 frequens:
1516 1962 1610 1997 inter
1641 1962 1821 1996 Marbella
1853 1967 1888 1997 et

240 2008 469 2053 Fuengirola,
494 2010 537 2044 ad
563 2011 666 2045 basin
690 2010 830 2044 Sierrae
856 2008 897 2042 de
922 2009 1032 2052 Mijas
1057 2020 1086 2043 c.
1112 2008 1391 2051 Benalmifflena,
1418 2020 1445 2043 c.
1473 2009 1550 2043 urb.
1574 2009 1734 2052 Malaga‚
1766 2019 1887 2043 versus

238 2054 425 2098 Yunquera
449 2061 554 2100 atque
580 2057 616 2090 in
640 2062 740 2100 parte
757 2056 923 2090 inferiore
942 2055 1081 2089 Sierrae
1099 2055 1141 2090 de
1161 2055 1365 2098 Yunquera,
1390 2055 1426 2088 in
1451 2055 1561 2090 vineis
1585 2055 1648 2089 int.
1666 2066 1746 2099 opp.
1764 2055 1887 2089 Velez·

237 2101 382 2144 Malaga
408 2106 442 2136 et
458 2113 536 2146 pag.
556 2103 709 2138 Canillas
727 2103 769 2137 de
787 2103 974 2146 Aceituno⁷
1001 2101 1117 2145 WK.),
1142 2102 1241 2136 Baet,
1270 2101 1335 2146 (pr.
1363 2100 1677 2146 Medinat-Sidonia⁷
1704 2102 1885 2146 Bonna).

237 2167 280 2171 ——
311 2151 351 2188 O
377 2148 620 2192 Apri—‘Iunio
648 2152 688 2191 (v.
713 2150 769 2193 v.).
821 2149 1032 2191 »Magarza«
1050 2147 1207 2185 ,Granat

285 2193 374 2228 Hab.
402 2195 507 2229 etiam
533 2197 568 2230 in
593 2196 821 2230 Mauritania.

285 2250 458 2286 observ.
507 2252 626 2288 Genus
651 2260 745 2288 certe
771 2252 1096 2295 distinctissimum⁷
1123 2263 1144 2286 a
1169 2250 1210 2286 cl.
1236 2251 1396 2285 DURIEU
1422 2256 1457 2285 et
1480 2251 1675 2285 BOISSIER
1698 2250 1742 2285 ad
1768 2250 1886 2286 Ooleo-

238 2298 400 2342 stephum
424 2309 611 2344 perperam
636 2299 793 2335 ductum!
843 2299 983 2333 Eximie
1009 2298 1099 2332 enim
1126 2298 1169 2331 ab
1197 2308 1237 2331 eo
1272 2297 1389 2332 differt
1420 2297 1527 2331 limbo
1559 2297 1768 2332 corollarum
1800 2297 1888 2333 disci

236 2343 493 2389 Anacyclorum
517 2346 618 2381 modo
641 2346 875 2389 inaequaliter
900 2345 1024 2389 5-fid0,
1050 2344 1212 2378 dentibus
1238 2344 1453 2387 longioribus
1479 2345 1499 2377 2
1525 2344 1733 2389 linearibus,
1761 2345 1887 2379 ceteris

239 2391 258 2423 3
282 2391 576 2437 triangularibus,
610 2393 769 2428 omnibus
801 2393 950 2437 glabris,
988 2390 1105 2434 ligulis
1140 2390 1275 2425 neutris
1309 2390 1413 2435 (stylo
1437 2390 1692 2425 rudimentario
1716 2390 1827 2435 nullo)
1853 2396 1888 2425 et

238 2437 427 2481 praecipue
452 2450 579 2473 corona
604 2439 853 2474 achaeniorum
878 2439 966 2474 disci
992 2437 1199 2481 longissima
1222 2437 1364 2471 minime
1389 2437 1554 2472 tubulosa
1579 2437 1639 2472 sed
1657 2437 1795 2472 omnino
1812 2437 1887 2471 uni-

239 2483 391 2527 laterali,
417 2486 640 2529 receptaculo
665 2486 785 2520 conico
803 2491 868 2520 etc.

791 2602 960 2641 Species
985 2601 1284 2640 inquirendae:

195 2680 355 2712 &oliva
382 2681 633 2713 lusitania-{1
659 2680 772 2714 LESS.
799 2681 879 2725 Syn.
904 2693 937 2725 p.
964 2681 1041 2713 268.
1069 2679 1138 2713 DC.
1165 2678 1288 2713 Prodr.
1315 2679 1376 2726 YL
1402 2691 1435 2722 p.
1465 2680 1546 2712 142!
1574 2677 1719 2720 (Hippia
1745 2677 1887 2711 stoloni-

401 2724 476 2757 fera
500 2725 623 2759 BROT.
665 2726 912 2772 Gymnostyles
949 2726 1132 2761 stolonifer
1156 2725 1277 2768 JUSS.)
1312 2736 1329 2759 e
1363 2725 1524 2760 subtribu
1558 2723 1884 2758 Matricariearum:

402 2770 438 2803 in
464 2770 575 2805 Lusit.
600 2774 755 2817 centrali,
781 2774 932 2808 fortasse
957 2774 992 2806 in
1018 2771 1223 2806 Extremae.
1251 2784 1279 2805 v.
1304 2782 1412 2814 regno
1437 2770 1660 2813 Legionensi.

198 2819 566 2850 Leucanthemum
593 2821 960 2863 gyrantinis'olium
987 2820 1120 2852 LAMK.
1147 2818 1202 2852 Fl.
1228 2818 1270 2852 fr.
1289 2818 1335 2862 II,
1360 2830 1393 2862 p.
1414 2819 1492 2851 137.
1517 2816 1644 2850 GREN.
1664 2815 1792 2850 GODR.
1816 2815 1838 2849 l.
1857 2826 1885 2849 c.

401 2874 434 2906 p.
461 2864 542 2896 142!
583 2863 707 2898 RCHB.
734 2865 780 2899 Ic.
815 2866 836 2899 l.
861 2877 889 2900 c.
921 2871 945 2900 t.
973 2867 1056 2905 100,
1089 2865 1112 2898 f.
1139 2864 1212 2898 111!
1239 2885 1282 2889 —
1307 2864 1423 2898 adhuc
1455 2863 1490 2896 in
1522 2862 1712 2908 Pyrenaeis
1747 2861 1886 2896 Galliae

402 2908 643 2951 orientalibus,
669 2911 900 2953 probabiliter
923 2912 959 2945 in
984 2911 1204 2946 Catalaunia.

241 2973 284 2978 —-
311 2957 702 2997 coronopisolinm
727 2956 853 2992 GREN.
880 2958 1009 2993 GODR.
1043 2958 1064 2991 l.
1090 2969 1119 2991 c.
1156 2957 1281 2990 Rene.
1318 2956 1339 2990 l.
1366 2967 1393 2989 c.
1428 2955 1450 2988 f.
1478 2955 1529 2989 II!
1557 2975 1600 2979 ——
1626 2955 1659 2988 in
1694 2953 1886 2998 Pyrenaeis

402 2999 548 3044 Galliae,
573 3002 802 3044 probabiliter
826 3004 861 3037 in
887 3004 1094 3039 Catalaunia
1119 3015 1148 3037 v.
1174 3003 1364 3045 Aragonia.
