1947 3296
969 79 1028 122 72

148 202 308 238 ciculatis
328 204 485 245 (propter
501 200 586 234 folia
598 201 769 245 juvenilia
793 211 811 235 e
837 200 999 235 foliorum
1024 199 1223 234 adultorum
1248 199 1367 233 axillis
1391 197 1627 242 prodeuntia),
1651 199 1845 243 sessilibus,

147 248 372 284 inferioribus
397 247 723 293 palmato-partitis,
748 247 886 282 laciniis
910 246 1209 288 lineari-oblongis
1235 245 1370 280 obtusis
1395 244 1574 289 confertis,
1599 244 1678 279 aliis
1698 245 1845 288 integris

148 293 472 337 lineari-oblongis,
507 294 666 329 omnibus
699 293 942 329 crassiusculis
975 291 1321 335 cano-tomentellis3
1355 290 1520 326 calathiis
1553 291 1845 335 hemisphaericis

151 346 206 376 1¹¹¹
219 343 292 386 lat.,
317 341 470 375 breviter
492 339 712 384 pedicellatis
738 340 889 380 cernuis,
915 340 950 373 in
967 349 1144 373 racemum
1163 338 1335 382 spicatum
1354 337 1609 372 subsecundum
1626 338 1848 372 terminalem

150 394 210 424 aut
244 389 281 422 in
310 383 509 432 panicula'm
543 397 687 430 parvam
719 397 737 422 e
771 386 920 421 racemis
953 385 1116 419 brevibus
1151 389 1372 419 constantem
1397 382 1593 428 dispositis,
1627 383 1847 430 multifloris;

152 434 312 471 anthodii
329 433 482 478 squamis
504 433 661 477 oblongis
680 434 826 474 obtusis,
851 433 921 467 late
942 431 1114 475 scariosis‚
1141 429 1244 465 dorso
1270 431 1680 475 canescenti-puberulis,
1706 431 1848 466 corollis

150 480 255 523 luteis
291 480 538 523 achaeniisque
573 480 717 522 glabris.
750 499 778 502 ψ
813 478 946 513 Habitu
981 477 1117 512 accedit
1151 477 1197 511 ad
1231 476 1273 512 A.
1313 476 1434 511 Herba
1466 477 1549 512 alba
1580 477 1697 513 ASSO.
1745 477 1849 512 Folia

150 528 271 563 adulta
295 527 351 562 vix
378 528 434 560 2“‘
458 526 572 569 longa.

244 574 287 608 In
321 573 468 608 collibus
506 572 649 606 incultis
686 569 793 605 aridis
824 569 974 612 regionis
1008 568 1184 604 inferioris
1214 568 1410 614 Hispaniae
1447 570 1780 605 austro-orientalis
1814 574 1850 605 et

198 620 365 655 australis
389 620 568 663 frequens:
602 618 638 651 in
662 627 769 660 reguo
794 617 907 650 Mure.
939 616 980 659 (c.
1006 615 1165 661 Villena,
1190 615 1304 661 DUF.,
1335 616 1522 661 Almansa,
1548 615 1682 659 GUSS.,
1716 616 1848 651 Puerto

200 666 242 701 de
267 667 303 701 la
327 666 421 700 mala
446 675 579 709 muger,
605 664 719 697 LGE.!
747 674 799 707 pr.
826 662 1011 705 Murciam,
1036 661 1207 705 Alliama,
1234 662 1400 707 GUIR.!),
1434 662 1575 697 Valent.
1603 664 1644 708 (c.
1671 662 1851 701 Orihuela.

200 713 312 757 LAG.,
339 713 515 754 Alicante,
540 710 721 753 POURRQ
745 710 844 744 Baet.
871 708 1020 753 (WBB.).
1047 728 1091 733 -—
1118 713 1152 746 ᾖ.
1180 709 1288 754 Sept,
1315 709 1436 744 Octob.
1464 709 1505 754 (v.
1533 709 1586 754 s.).

154 816 228 859 ΤΗ
270 817 431 850 ίάΙιιΙΙιία
457 827 581 860 parva,
609 824 807 847 racemoso-
836 825 866 846 υ.
892 816 1102 857 qlomerato·
1129 814 1347 857 particulata.
1401 815 1616 848 Anthoclium
1649 819 1793 848 ovatum
1819 826 1851 848 υ.

157 878 350 918 oblonyum.
388 874 665 916 Receptuculmn
684 873 828 904 nudum.
867 873 994 904 Flore-s·
1020 871 1242 914 vum-qinaces
1267 872 1425 914 fertiles,
1452 872 1544 904 disci
1568 873 1855 916 hermaphroditi

499 930 618 962 ovat-ii
642 930 766 961 abortu
791 928 952 961 steriles.
1002 925 1107 970 (Sect.
1135 926 1380 961 Dracunculus
1406 926 1504 971 DC.).

252 999 351 1031 1381.
401 1000 448 1032 A.
483 998 729 1037 campestris
763 995 804 1030 L.
831 995 912 1030 Cod.
947 1006 979 1029 n.
1007 997 1115 1030 6130!
1164 994 1234 1030 GR.
1269 995 1397 1031 GODR.
1431 997 1452 1030 l.
1479 1008 1507 1031 c.
1540 1008 1574 1041 p.
1603 998 1685 1032 133!
1730 996 1853 1031 RCHB.

160 1045 206 1078 lc.
231 1044 252 1078 l.
271 1056 298 1077 c.
324 1050 347 1078 t.
377 1045 460 1077 144!
510 1043 695 1077 Herbacea
720 1054 748 1076 v.
774 1043 850 1076 basi
879 1041 1147 1087 suffrutescens,
1172 1042 1328 1087 inodora,
1355 1043 1486 1088 glabra,
1512 1044 1671 1078 caulibus
1695 1055 1854 1088 procum-

156 1091 329 1131 bentibus,
354 1089 521 1124 floriferis
547 1088 1053 1133 recurvato-adscemlentibus,
1080 1089 1231 1136 1—-272‘
1250 1090 1283 1131 l.,
1310 1090 1462 1134 striatis,
1489 1091 1718 1135 rubentibus,
1743 1101 1855 1124 ramo-

158 1137 321 1181 sissimis3
353 1136 446 1171 foliis
479 1137 570 1170 laete
602 1136 814 1181 virentibus,
849 1135 1073 1171 inferioribus
1100 1136 1346 1180 turionumque
1373 1137 1474 1180 longe
1500 1137 1699 1181 petiolatis,
1732 1137 1856 1171 mediis

157 1183 464 1228 superioribusque
491 1183 683 1227 sessilibus,
710 1182 814 1216 limbo
840 1183 988 1217 circuitu
1013 1183 1321 1217 ovato-orbiculari
1347 1183 1396 1217 bi·
1422 1196 1451 1218 v.
1471 1184 1681 1228 simpliciter
1705 1184 1856 1228 pinnati-

158 1235 262 1273 sect0,
289 1229 477 1272 segmentis
503 1229 649 1272 integris
668 1234 728 1263 aut
745 1229 1004 1282 lii-tripartitis,
1029 1229 1167 1264 laciniis
1185 1235 1333 1273 anguste
1351 1230 1546 1265 linearibus
1568 1230 1858 1266 subfiliformibus

160 1277 389 1321 mucronatis,
424 1276 518 1310 foliis
543 1275 725 1310 floralibus
752 1276 895 1310 summis
921 1276 1145 1320 bracteisque
1170 1276 1379 1322 linearibus3
1414 1277 1579 1312 calathiis
1606 1277 1727 1321 ovatis,
1754 1279 1809 1310 1¹¹¹
1834 1277 1856 1311 l.

157 1322 379 1367 pedicellatis
410 1322 566 1367 cernuis,
601 1332 700 1357 secus
731 1333 847 1357 ramos
882 1323 1022 1367 patulos
1054 1323 1088 1356 in
1124 1333 1282 1358 racemos
1315 1323 1554 1359 subsecundos
1595 1324 1772 1369 simplices
1797 1329 1858 1358 aut

158 1382 176 1404 e
202 1370 403 1413 glomerulis
429 1369 637 1413 compositos
663 1369 863 1413 paniculam
888 1370 1040 1414 amplam
1068 1369 1214 1405 effusam
1239 1370 1496 1415 pyramidatam
1523 1370 1716 1406 formantes
1740 1370 1857 1416 dispo-

158 1417 251 1461 sitis,
286 1416 442 1450 anthodii
474 1416 628 1460 squamis
660 1416 771 1450 ovatis
804 1416 1034 1460 oblongisque
1069 1417 1468 1460 scarioso-marginatis,
1503 1417 1642 1453 corollis
1667 1428 1858 1462 purpuras-

158 1463 316 1498 centibus
341 1476 370 1497 v.
396 1463 648 1497 lutescentibus
675 1463 926 1506 achaeniisque
951 1463 1101 1509 glabris,
1137 1464 1297 1500 antheris
1323 1465 1422 1509 apice
1448 1465 1482 1498 in
1514 1464 1746 1509 appendicem
1777 1475 1856 1499 acu-

161 1510 329 1544 minatam
353 1509 542 1554 productis.
567 1530 611 1534 —
636 1508 740 1544 Folia
761 1510 932 1553 juvenilia
956 1510 1196 1554 pubescentia.

254 1556 295 1590 In
319 1556 486 1598 arenosis,
513 1556 659 1601 saxosis,
685 1556 866 1591 sterilibus
892 1557 1045 1600 regionis
1063 1557 1241 1592 inferioris
1260 1557 1455 1601 Hispaniae
1473 1557 1643 1592 borealis:
1670 1558 1707 1591 in
1724 1557 1858 1592 Gallec.

208 1602 256 1646 (in
281 1603 451 1646 glareosis
477 1603 565 1637 alvei
589 1602 685 1637 fluvii
710 1603 812 1637 Mino
837 1615 889 1648 pr.
915 1602 1049 1639 Orense
1074 1609 1109 1639 et
1131 1603 1227 1639 fluvii
1254 1604 1303 1638 Sil
1324 1604 1428 1648 juxta
1459 1603 1495 1638 la
1525 1605 1635 1638 barca
1668 1603 1710 1638 de
1734 1604 1856 1639 Porta-

206 1649 353 1693 brosmo,
378 1650 528 1693 PLAN.).
556 1656 580 1690 22
599 1655 622 1687 *b
646 1649 874 1694 Jun.—Sept.
901 1649 946 1693 (n.
972 1651 1028 1695 v.).

254 1696 344 1730 Hab.
369 1696 404 1730 in
429 1696 574 1740 Europa
598 1697 733 1731 boreali
759 1698 846 1735 (exc.
872 1696 1070 1742 Lapponia)
1097 1702 1132 1732 et
1155 1697 1272 1732 media
1298 1698 1410 1743 omni,
1436 1697 1543 1732 etiam
1568 1697 1604 1730 in
1629 1697 1755 1733 Lusit..
1780 1696 1859 1732 Ital.

207 1743 353 1787 boreali,
380 1743 506 1785 Dalm,
534 1742 683 1778 Graecia
708 1748 743 1778 et
768 1743 905 1778 Sibiria.

253 1789 426 1825 Observ.
477 1790 591 1834 Stirps
624 1790 668 1824 ab
702 1790 904 1825 auctoribus
929 1790 1123 1834 hispanicis
1149 1791 1190 1824 A.
1219 1790 1427 1834 campestris
1453 1790 1592 1824 nomine
1619 1800 1661 1823 ex
1687 1788 1862 1833 Hispania

208 1836 389 1878 interiore,
426 1836 590 1871 orientali
617 1842 651 1871 et
676 1837 826 1871 australi
852 1837 962 1872 citata
987 1837 1183 1872 certissime
1208 1836 1253 1871 ad
1279 1837 1433 1882 speciem
1466 1841 1670 1880 sequentem
1695 1836 1861 1880 pertinet.

208 1882 299 1917 Nam
326 1893 388 1917 nec
413 1894 477 1926 ego
502 1894 566 1918 nec
590 1883 741 1918 amiciss.
768 1884 915 1918 LANGE
941 1894 1057 1918 veram
1085 1884 1127 1918 A.
1160 1890 1395 1928 campestrem
1426 1883 1461 1917 in
1494 1883 1668 1927 Hispania
1699 1883 1862 1917 observa-

208 1929 329 1964 vimus.
378 1930 491 1974 Stirps
525 1940 605 1964 vero
631 1930 801 1972 gallecica
827 1930 1017 1966 secundum
1042 1930 1228 1974 diagnosin
1253 1931 1294 1964 cl.
1320 1930 1556 1964 Planellas
1581 1930 1623 1963 A.
1649 1928 1861 1974 campestris

210 1976 360 2018 genuina
385 1987 461 2011 esse
487 1976 634 2011 videtur.

256 2046 356 2078 1382.
404 2048 453 2079 A.
485 2046 695 2087 glutinosa
721 2045 811 2080 GAY
842 2046 878 2080 in
904 2046 969 2082 litt.
1002 2056 1045 2080 ex
1069 2046 1183 2080 BESS.
1209 2046 1381 2081 Dracunc.
1414 2057 1445 2080 n.
1471 2048 1503 2080 8.
1540 2045 1611 2080 DC.
1637 2045 1760 2080 Prodr.
1785 2044 1806 2079 l.
1834 2056 1862 2079 c.

166 2104 199 2135 p.
218 2093 278 2126 95!
306 2091 428 2126 RCHB.
456 2091 502 2126 Ic.
528 2092 550 2126 l.
570 2104 597 2127 c.
624 2092 647 2127 f.
665 2092 734 2128 IV!
762 2093 816 2137 (A.
844 2093 1053 2137 campestris
1078 2094 1181 2128 Auct.
1206 2093 1299 2137 hisp.
1326 2092 1460 2138 nonL.,
1492 2093 1627 2127 Artem.
1654 2091 1865 2136 campestris

166 2148 236 2172 var.
264 2138 440 2181 glutinosa
465 2139 561 2173 TEN.
588 2144 623 2173 et
647 2139 732 2174 BSS.
759 2140 846 2184 Voy.
872 2141 943 2175 bot.
972 2139 1057 2184 Esp.
1088 2152 1122 2184 p.
1150 2141 1232 2175 321!
1283 2139 1503 2174 Abrotanum
1534 2150 1610 2174 mas
1642 2138 1863 2173 tenuifolium

167 2184 389 2228 hispanicum
413 2185 540 2220 BARR.
568 2185 615 2220 Ic.
641 2188 751 2231 447!).
801 2186 931 2221 Differt
956 2197 976 2220 a
1001 2186 1162 2230 praeced.
1188 2186 1389 2221 viscositate
1415 2197 1592 2221 ramorum
1618 2185 1805 2229 paniculae
1831 2190 1865 2219 et

166 2241 270 2275 saepe
298 2232 405 2266 etiam
430 2231 612 2273 foliorum,
648 2233 807 2268 caulibus
833 2245 859 2268 s.
886 2233 1020 2268 truncis
1045 2244 1065 2267 a
1090 2233 1168 2268 basi
1193 2233 1319 2268 erectis
1353 2233 1501 2279 strictis,
1538 2232 1703 2267 calathiis
1739 2231 1866 2266 erectis

166 2277 358 2312 minoribus
385 2277 575 2324 (¹s2—3s40'
601 2279 651 2324 L),
687 2280 855 2314 anthodio
889 2280 1053 2324 oblongo.
1089 2281 1243 2324 squamis
1276 2279 1507 2323 foliorumque
1532 2279 1670 2314 laciniis
1696 2278 1866 2313 crassius-

170 2324 255 2358 culis
282 2330 316 2358 et
341 2325 497 2359 antheris
525 2325 623 2369 apice
651 2327 685 2360 in
711 2327 942 2371 appendicem
968 2327 1202 2362 lanceolatam
1227 2326 1417 2371 productis.
1436 2347 1479 2351 —
1496 2326 1624 2361 Planta
1643 2324 1867 2360 suffruticosa

168 2383 195 2404 v.
221 2370 402 2415 fruticosa,
429 2371 587 2412 odorata,
614 2373 838 2418 glaberrima,
864 2374 1022 2408 caulibus
1048 2372 1202 2417 2-3's2‘
1225 2374 1258 2416 l.,
1283 2374 1430 2417 striatis,
1456 2373 1563 2407 ramis
1588 2371 1866 2416 erecto-patulis,

168 2417 260 2451 foliis
285 2418 404 2452 nitidis
430 2418 638 2462 simpliciter
671 2431 700 2453 v.
726 2421 1024 2465 bipinnatisectis‚
1060 2420 1301 2465 superioribus
1335 2430 1442 2464 saepe
1473 2419 1643 2461 trisectis,
1678 2418 1867 2462 segmentis

167 2476 197 2497 v.
220 2464 357 2498 laciniis
382 2471 530 2508 anguste
556 2466 746 2501 linearibus
772 2467 945 2510 elongatis
971 2467 1216 2502 canaliculatis
1248 2467 1483 2511 mucronatis,
1520 2466 1683 2501 calathiis
1708 2476 1868 2499 numero-

169 2510 314 2544 sissimis
338 2510 646 2546 luteo-virentibus
670 2514 894 2557 subspicatis,
918 2514 1119 2558 paniculam
1143 2513 1296 2558 amplam
1313 2513 1557 2557 formantibus,
1583 2511 1741 2547 anthodii
1767 2522 1868 2555 squa-

169 2556 235 2590 mis
260 2557 493 2591 exterioribus
518 2564 665 2601 anguste
690 2560 915 2595 interioribus
948 2561 1019 2595 late
1054 2561 1236 2605 scariosis,
1270 2561 1430 2595 omnibus
1461 2559 1696 2595 obtusissimis
1727 2558 1867 2601 crassis,

168 2602 306 2637 corollis
331 2603 586 2640 lutescentibus
611 2605 861 2650 achaeniisque
886 2607 1028 2650 glabris.

266 2648 307 2682 In
332 2652 499 2691 arenosis,
526 2652 670 2693 saxosis,
697 2654 929 2698 rupestribus,
956 2654 1135 2688 sterilibus
1160 2654 1269 2688 aridis
1295 2652 1447 2695 regionis
1472 2651 1628 2686 inferior.
1655 2657 1689 2686 et
1714 2657 1867 2686 montan.

217 2705 281 2738 per
313 2706 449 2729 omnem
481 2697 554 2731 sine
589 2698 693 2733 dubio
727 2700 936 2744 Hispaniam
967 2700 1189 2743 interiorem,
1227 2699 1434 2734 orientalem
1468 2703 1504 2732 et
1539 2698 1743 2741 australem,
1782 2698 1869 2733 satis

216 2741 390 2785 frequens,
410 2743 446 2776 in
463 2754 568 2785 regno
588 2743 799 2781 Granatensi
815 2746 859 2780 ad
883 2746 944 2781 alt.
963 2746 1067 2780 6000‘
1093 2757 1202 2790 usque
1220 2745 1436 2781 adscendens
1455 2745 1502 2788 (in
1521 2744 1553 2778 S.
1572 2744 1730 2788 Nevada,
1754 2745 1869 2780 BSS.!.

217 2787 317 2830 WK.,
345 2788 542 2833 BOURG.!).
568 2810 611 2814 —
638 2797 660 2825 τ)
688 2791 795 2835 Aug,
823 2793 917 2836 Sept.
954 2794 996 2837 (v.
1030 2793 1085 2837 w).
1138 2793 1342 2828 »Escobilla
1370 2791 1502 2836 parda«
1540 2790 1698 2826 Castell..
1729 2791 1869 2825 »Herba

216 2835 394 2878 pansera«
423 2835 576 2874 Valent..
607 2837 751 2881 »BotJa«
779 2838 890 2874 Catal.

263 2880 352 2915 Hab.
380 2882 486 2916 etiam
512 2882 548 2917 in
572 2882 663 2917 Gall.
689 2885 948 2919 mediterranea
972 2890 1008 2920 et
1032 2885 1264 2930 probabiliter
1286 2885 1320 2918 in
1345 2884 1456 2918 Lusit.
1484 2888 1519 2918 et
1543 2883 1775 2918 Mauritania.

265 2951 366 2984 1383.
414 2953 463 2985 A.
488 2952 745 2987 sussiaeana
769 2953 859 2987 GAY
883 2954 904 2988 l.
924 2966 952 2989 c.
978 2954 1049 2989 DC.
1076 2944 1197 2989 Prodr.
1223 2954 1245 2988 l.
1274 2955 1319 2987 c.!
1374 2952 1620 2996 »Frutescens,
1646 2951 1869 2996 glaberrima,

170 2995 263 3032 foliis
289 2997 501 3040 carnosulis,
537 2998 686 3037 caulinis
711 2999 755 3032 ad
780 3000 881 3035 basin
908 3002 942 3033 5-
969 3013 997 3035 v.
1025 3001 1186 3045 3-sectis,
1220 3000 1298 3035 lobo
1331 2998 1444 3034 medio
1475 3000 1728 3044 pinnatisecto,
1762 2997 1869 3033 ramis
