1947 3296
834 126 926 170 179

82 250 144 285 sed
180 249 223 283 ab
261 248 299 282 O.
336 247 471 292 illyrico
509 252 581 281 toto
620 246 716 280 coelo
754 245 934 280 abhorret.
996 244 1037 277 In
1077 243 1143 277 hoe
1185 243 1276 277 enim
1314 253 1539 286 squamarum
1577 244 1736 279 acumina

80 306 220 341 semper
253 295 357 340 plana
388 303 452 328 nec
487 293 822 336 stellato-patentia,
855 291 1009 326 corollae
1043 289 1272 333 glandulosae
1305 299 1369 324 nec
1400 289 1563 335 glabrae,
1601 300 1738 336 pappus

81 343 216 386 longior
232 347 297 376 etc.
338 339 538 384 Specimina
563 339 769 373 authentica
792 338 935 383 plantae
961 346 1192 371 maroccanae
1217 334 1368 370 nondum
1394 334 1473 370 vidi.
1518 335 1615 378 Quae
1641 337 1670 372 si
1695 337 1739 372 ab

81 389 266 434 hispanica
291 387 458 422 distincta
484 392 589 421 esset.
617 386 771 430 speciem
796 385 978 430 propriam
1003 383 1198 418 constituat
1222 392 1365 417 necesse
1391 382 1469 417 erit.

130 460 231 493 1662.
281 459 325 492 Ο.
359 458 657 498 corymbosum
682 454 771 489 WK.
798 455 884 498 Pug.
917 465 949 487 n.
978 456 1036 498 33,
1070 454 1104 487 in
1130 452 1291 486 Linnaea
1316 451 1428 485 XXX.
1458 453 1548 485 1859
1582 451 1634 496 (Ο.
1660 451 1738 496 illy-

35 506 145 541 ricum
175 515 247 538 var.
275 502 430 537 WILLK.
465 503 554 538 Sert.
588 514 619 536 n.
654 504 736 537 5551
791 500 830 536 O.
867 501 1041 536 tauricum
1073 500 1191 534 LOSC.
1218 499 1345 532 PARD.
1380 499 1453 532 Ser.
1486 498 1639 533 inconf.‘?
1672 510 1740 533 non

39 552 120 595 W.).
168 551 314 595 Virens,
347 550 447 584 caule
481 550 627 584 robusto
654 549 755 583 3—4‘
782 548 855 583 alto
888 548 1074 591 angulato,
1110 551 1259 589 anguste
1285 551 1320 580 et
1345 545 1611 590 subinterrupte
1637 546 1740 589 alato,

38 608 187 644 superne
213 597 473 638 ramosissim03
508 596 600 631 foliis
624 595 833 630 lanceolatis
858 594 1030 639 profunde
1056 592 1290 638 pinnatifidis,
1326 592 1462 627 laciniis
1493 593 1636 627 remotis
1662 592 1741 627 sub-

34 645 310 687 triangularibus
335 644 436 686 longe
462 642 646 687 valideque
672 643 840 687 spinosis,
875 652 983 686 supra
1015 640 1149 684 glabris
1182 639 1357 683 lae-vibus,
1393 639 1517 674 subtus
1547 639 1740 684 puberulis,

35 703 140 727 nervo
167 690 281 725 medio
308 701 428 725 crasso
454 690 640 734 nervisque
666 689 794 724 ceteris
820 688 911 722 albis
937 687 1038 722 valde
1063 686 1354 732 prominentibus,
1380 686 1540 720 omnibus
1561 686 1663 729 longe
1684 685 1741 720 de-

37 738 257 774 currentibus
282 738 358 772 alas
385 742 536 780 quatuor
561 742 729 780 angustas
754 736 791 769 in
815 735 915 770 lobos
940 734 1178 777 triangulares
1204 733 1305 776 longe
1332 733 1492 777 spinosos
1519 732 1650 768 divisas
1676 732 1743 767 for-

36 785 231 830 mantibus;
257 784 422 818 calathiis
448 784 584 826 magnis
610 783 797 828 permultis
823 781 867 816 ad
892 792 1069 816 ramorum
1093 780 1355 823 fastigiatorum
1380 779 1518 824 apicem
1535 780 1742 823 glomerato-

35 832 211 875 congestis
236 831 384 875 ideoque
409 831 614 875 corymbum
638 830 795 874 amplum
813 829 1119 872 constituentibus,
1144 826 1342 871 pedunculo
1360 837 1480 862 crasso
1498 827 1741 871 spinosissimo

37 878 287 922 insidentibus3
321 876 480 913 anthedii
512 876 647 920 globosi
679 875 876 910 umbilicati
902 874 1039 919 31‘4—10
1065 874 1169 909 diam.
1204 873 1267 908 lati
1293 874 1450 916 squamis
1474 873 1683 909 lanceolatis
1708 874 1742 908 in

35 936 184 961 acumen
206 925 349 967 longum
373 924 552 968 spinosum
576 924 721 968 planum
745 922 875 957 sensim
908 921 1106 966 productis,
1139 920 1371 955 exterioribus
1406 919 1564 965 reflexis,
1599 920 1743 955 interio-

36 973 134 1008 ribus
160 971 288 1007 erectis
312 981 418 1016 parce
443 970 689 1005 arachnoideis
714 969 872 1012 margine
906 968 1088 1005 ciliolatis:
1122 966 1261 1002 corollis
1293 967 1481 1011 purpureis
1513 967 1743 1012 glandulosis,

37 1019 217 1054 achaeniis
244 1018 300 1051 2⁰¹
326 1019 348 1052 l.
374 1017 481 1052 fuscis
507 1017 685 1061 eleganter
709 1016 849 1059 rugosis
875 1026 992 1060 pappo
1018 1020 1175 1050 testaceo
1204 1014 1310 1058 duplo
1336 1014 1567 1049 brevioribus.

130 1076 171 1110 In
197 1075 377 1111 sterilibus
403 1074 512 1110 aridis
539 1075 692 1119 regionis
717 1074 895 1109 inferioris
921 1073 1124 1117 Aragoniae
1149 1071 1319 1108 australis
1337 1071 1453 1106 rarius
1472 1072 1546 1116 (int.
1566 1071 1744 1107 Carifiena

85 1128 120 1158 et
143 1123 294 1167 Daroca,
325 1121 436 1166 WK.).
465 1141 503 1145 —
533 1123 573 1161 ό.
599 1122 696 1156 Julio
723 1122 766 1166 (v.
791 1121 847 1164 v.).

132 1179 307 1215 ObserV.
336 1182 352 1213 1
418 1180 582 1214 Plantam
616 1191 636 1214 a
668 1179 709 1214 cl.
736 1178 896 1213 LOSCOS
929 1184 964 1213 et
988 1178 1135 1212 PARDO
1170 1177 1234 1212 sub
1261 1176 1298 1210 O.
1332 1176 1461 1211 taurici
1491 1176 1629 1211 nomine
1656 1176 1746 1211 inter

85 1226 226 1272 plantas
250 1227 451 1268 Aragoniae
477 1227 646 1261 australis
673 1232 927 1269 enumeratam,
953 1226 1053 1269 cujus
1079 1224 1273 1269 specimina
1297 1223 1479 1268 hucusque
1508 1223 1659 1258 nondum
1677 1223 1746 1258 vidj

89 1273 133 1308 ad
159 1274 313 1318 speciem
330 1284 444 1307 meam
462 1273 641 1317 pertinere
659 1272 759 1307 valde
777 1282 986 1317 persuasum
1004 1272 1129 1313 habeo,
1156 1282 1261 1315 quum
1279 1270 1317 1304 O.
1336 1271 1463 1305 taurici
1482 1270 1538 1304 W.
1557 1270 1745 1315 descriptio

89 1320 183 1364 apud
209 1319 338 1355 GREN.
365 1319 494 1355 GODR.
520 1321 543 1354 l.
571 1332 599 1354 c.
624 1321 659 1354 in
684 1327 841 1355 nostram
868 1320 1018 1364 speciem
1046 1317 1142 1352 haud
1166 1318 1257 1352 male
1283 1317 1443 1361 quadret.
1478 1317 1606 1352 Differt
1629 1324 1746 1352 autem

89 1366 116 1400 O
147 1368 321 1402 tauricum
338 1368 450 1412 primo
468 1367 597 1401 intuitu
614 1367 720 1402 ramis
746 1367 919 1409 elongatis
944 1364 1235 1409 macrocephalis,
1262 1365 1417 1408 squamis
1442 1364 1602 1398 anthodii
1620 1364 1746 1399 eximie

88 1413 318 1457 glandulosis,
345 1414 484 1449 corollis
510 1414 643 1457 glabris
661 1419 726 1448 etc.
768 1413 959 1457 Hucusque
985 1413 1020 1446 in
1044 1411 1219 1456 Hispania
1244 1411 1396 1446 nondum
1423 1411 1646 1447 observatum
1671 1411 1747 1446 fuit.

136 1470 308 1506 Observ.
337 1473 367 1506 2.
417 1471 676 1506 Recentissimo
708 1477 866 1515 tempore
892 1471 934 1505 cl.
959 1471 1153 1505 BOISSIER
1178 1469 1308 1513 speciei
1332 1480 1441 1504 novae
1467 1468 1632 1503 orientali
1655 1468 1748 1503 idem

90 1529 215 1553 nomen
239 1519 407 1563 imposuit
432 1518 484 1563 (Ο.
511 1519 756 1563 corymbosum
774 1518 860 1552 BSS.
885 1518 921 1552 in
945 1518 1101 1552 BOURG.
1127 1516 1175 1560 pl.
1193 1515 1325 1560 Lyciae
1350 1527 1422 1550 exs.
1450 1516 1552 1559 1860,
1578 1527 1610 1550 n.
1638 1516 1747 1561 1461),

85 1575 204 1609 quam,
239 1576 344 1609 quum
369 1576 390 1600 a
414 1570 535 1600 nostra
560 1564 660 1599 valde
686 1565 852 1600 distincta
879 1565 934 1609 sit.
961 1564 999 1599 O.
1026 1563 1197 1599 Boissieri
1222 1562 1406 1597 dicendam
1432 1573 1510 1598 esse
1534 1573 1703 1608 propono.

136 1635 238 1668 1663.
274 1634 311 1668 Ο.
339 1636 618 1675 glomeratum
643 1634 760 1668 CSTA.
786 1634 841 1668 Fl.
868 1633 972 1669 catal.
999 1646 1031 1678 p.
1060 1634 1144 1667 135!
1187 1633 1383 1675 »Annuum,
1408 1637 1520 1667 totum
1546 1633 1749 1677 gossypino-

44 1692 170 1716 canum
197 1694 226 1716 v.
254 1691 475 1725 araneosum,
503 1681 601 1715 caule
628 1681 781 1725 simplici
807 1680 913 1716 dense
937 1681 1058 1715 foliato
1083 1680 1333 1725 polycephalo:
1366 1680 1460 1714 foliis
1486 1680 1646 1714 omnibus
1671 1690 1749 1714 eon·

42 1727 212 1763 formibus
237 1727 444 1762 lanceolatis
470 1739 580 1771 usque
605 1728 649 1762 ad
675 1727 827 1762 medium
860 1728 1009 1762 Iobatis.
1048 1727 1237 1770 segmentis
1271 1726 1549 1769 triangularibus
1583 1726 1682 1770 apice
1715 1731 1749 1761 et

44 1775 202 1818 margine
229 1775 399 1818 spinosis,
434 1775 659 1809 inferioribus
685 1775 876 1819 majoribus
902 1774 1100 1819 petiolatis,
1128 1774 1256 1808 ceteris
1283 1772 1588 1811 decrescentibus,
1615 1773 1651 1806 in
1674 1773 1749 1807 alas

43 1821 218 1856 lobulatas
245 1821 405 1865 spinosas
431 1820 719 1862 decurrentilnis;
748 1821 912 1856 calathiis
939 1821 1120 1856 sessilibus
1147 1819 1301 1854 ovoideis
1327 1830 1492 1863 magnum
1518 1819 1750 1862 glomerulum

44 1868 306 1913 exhibentibus,
326 1868 486 1902 anthodii
503 1868 581 1902 basi
599 1868 760 1902 araneosi
779 1868 934 1911 squamis
953 1867 1171 1909 lanceolatis,
1190 1867 1225 1900 in
1243 1867 1380 1910 spinam
1399 1866 1600 1900 subulatam
1618 1872 1750 1900 rectam

43 1915 285 1948 vulnerantem
319 1914 518 1958 productis,
554 1915 687 1949 intimis
721 1915 937 1957 longioribus
971 1914 1180 1957 inermibus;
1215 1913 1357 1948 corollis
1382 1913 1525 1947 roseis«
1554 1933 1598 1937 —
1623 1913 1751 1947 Planta

44 1962 149 1996 2-3¹
174 1961 259 2002 alta,
284 1961 455 1995 anthodia
478 1961 550 1995 illis
576 1960 614 1995 Ο.
641 1962 809 1996 Acanthii
835 1961 941 2005 paulo
969 1961 1114 2004 minora,
1142 1970 1308 2004 squamae
1335 1960 1511 1994 rubentes.

139 2007 181 2041 In
207 2007 384 2043 sterilibus
409 2007 551 2042 ditionis
578 2007 689 2051 Urgel
714 2014 749 2042 et
773 2008 924 2051 Segarra
948 2008 984 2041 in
1003 2007 1213 2042 Catalaunia
1237 2006 1382 2052 passim.
1400 2026 1444 2030 ——
1462 2009 1500 2047 Θ
1518 2005 1612 2040 Julio
1631 2005 1675 2049 (n.
1693 2005 1750 2048 v.).

141 2078 242 2111 1664.
293 2079 337 2111 Ο.
364 2079 508 2111 aeaule
533 2076 574 2111 L.
601 2077 682 2111 Cod.
711 2078 822 2112 59s71
859 2077 931 2112 DC.
957 2078 979 2111 l.
1006 2088 1033 2111 c.
1068 2089 1101 2121 p.
1128 2078 1213 2111 619!
1246 2075 1317 2110 GR.
1345 2075 1474 2110 GODR.
1500 2074 1522 2109 1.
1549 2086 1577 2110 e.
1603 2087 1637 2120 p.
1664 2075 1748 2110 206!

48 2123 100 2168 (O.
124 2123 352 2169 pyrenaicum
379 2123 449 2158 DC.
487 2122 526 2157 O.
552 2124 699 2158 acaulon
723 2124 840 2160 LAP..
866 2124 904 2158 O.
932 2123 1119 2158 unifiorum
1147 2123 1241 2157 CAV.
1267 2123 1314 2158 Ic.
1350 2128 1374 2156 t.
1400 2124 1462 2158 88!
1496 2122 1610 2157 forma
1633 2132 1751 2156 mono-

47 2171 228 2215 cephalal)
277 2171 430 2214 Acaule,
464 2170 558 2204 foliis
592 2171 627 2204 in
659 2171 813 2205 rosulam
846 2176 964 2205 terrae
997 2170 1203 2215 adpressam
1237 2169 1432 2214 dispositis,
1466 2170 1630 2213 utrinque
1655 2168 1752 2203 albo-

46 2217 278 2260 lanuginosis,
304 2217 502 2261 petiolatis,
536 2217 685 2251 circuitu
710 2218 869 2260 oblongis
894 2230 923 2252 v.
950 2217 1341 2261 oblongo-lanceolatis,
1374 2217 1519 2251 sinuatis
1544 2228 1574 2250 V.
1600 2215 1752 2260 pinnati—

46 2263 143 2307 fidis,
169 2265 258 2299 lobis
285 2263 617 2308 spinoso—dentatis,
645 2264 754 2308 spinis
780 2264 905 2299 validis
931 2265 1075 2307 albidis3
1109 2264 1274 2298 calatliiis
1299 2263 1506 2307 plerumque
1532 2263 1692 2307 pluribus
1717 2262 1751 2296 in

50 2316 168 2345 centro
203 2310 342 2345 rosulae
375 2310 634 2351 nidulantibus,
667 2311 900 2353 glomerulum
925 2318 1146 2356 compactum
1171 2310 1418 2349 formantibus,
1453 2309 1601 2344 centrali
1626 2310 1752 2343 ceteris

47 2358 202 2401 majore3
238 2357 398 2391 anthedii
431 2357 707 2401 hemisphaerioi
738 2370 766 2392 v.
795 2358 1048 2401 ovato—globosi
1082 2357 1265 2401 ³!i—l¹s'2¹¹
1293 2357 1396 2391 diam.
1434 2356 1586 2399 squamis
1618 2355 1751 2397 glabris

47 2403 180 2448 pallide
204 2404 397 2438 virentibus
423 2404 580 2447 margine
613 2405 766 2449 scabris,
801 2405 1020 2449 lanceolatiS,
1054 2405 1090 2438 in
1121 2415 1269 2438 acumen
1306 2404 1509 2447 spinescens
1540 2408 1695 2436 erectum
1720 2412 1750 2436 v.

50 2450 188 2484 demum
214 2456 435 2484 recurvatum
461 2450 720 2489 desinentibus:
747 2452 888 2486 corollis
915 2452 1004 2486 albis
1030 2452 1172 2494 glabris,
1199 2450 1380 2485 achaeniis
1408 2451 1463 2482 2¹⁰
1482 2450 1504 2483 1.
1530 2448 1752 2492 acutangulis

49 2496 488 2578 {triatis‚gransverseque
522 2497 649 2531 eximie
682 2499 840 2542 rugosis,
877 2498 1173 2541 cinereo-fuscis,
1208 2507 1324 2542 pappo
1359 2495 1557 2530 rufescente
1592 2495 1751 2540 sextuplo

74 2553 200 2578 reviori
228 2554 277 2578 us.

143 2590 184 2623 In
211 2589 283 2624 solo
309 2588 430 2633 pingui
454 2594 489 2622 et
515 2588 612 2623 arido
638 2591 791 2633 regionis
816 2591 1012 2633 inferioris,
1047 2596 1231 2625 montanae
1266 2594 1301 2622 et
1327 2587 1532 2631 subalpinae
1558 2587 1752 2631 Hispaniae

99 2637 277 2679 centralis,
303 2635 487 2670 orientalis
512 2641 546 2669 et
572 2637 738 2671 australis
764 2638 894 2672 rarius:
922 2638 956 2671 in
978 2638 1072 2671 Cast.
1099 2647 1187 2670 nova
1213 2635 1356 2675 (ditione
1382 2634 1416 2668 la
1434 2634 1602 2677 Mancha,
1628 2635 1752 2679 LGE.),

99 2683 256 2726 Aragon.
284 2682 482 2727 (Moncayo,
507 2681 629 2715 Monte
648 2682 690 2716 (le
707 2683 874 2725 Heri-era,
902 2684 1021 2718 Sierra
1048 2684 1089 2717 de
1110 2684 1323 2725 Villarroya.
1350 2682 1450 2724 Ass,
1476 2693 1504 2715 c.
1532 2682 1652 2725 Batea,
1678 2682 1753 2716 Me-

97 2730 277 2773 quinenza,
306 2729 415 2769 ΒΗΚ,
442 2730 476 2763 in
502 2729 662 2763 omnibus
687 2730 761 2763 fere
787 2731 901 2764 collib.
928 2730 1129 2773 Aragoniae
1156 2728 1340 2765 australis,
1365 2727 1483 2762 LOSC.
1510 2728 1663 2773 PARD.),
1690 2729 1753 2762 Ca-

97 2777 159 2811 tal.
187 2777 321 2820 (Monte
347 2775 451 2820 Cadi,
479 2775 622 2818 ISERN,
657 2788 684 2810 c.
711 2776 827 2819 Berga
858 2788 978 2812 versus
1015 2778 1046 2810 el
1073 2777 1228 2820 Estany,
1253 2776 1434 2812 Monsant.
1463 2775 1613 2820 CSTA.),
1646 2785 1753 2818 regno

98 2822 236 2858 Valent.
271 2824 336 2867 (pr.
372 2822 602 2865 Crevillente,
640 2822 702 2856 int.
734 2823 955 2868 Villajoyosa
988 2829 1022 2858 et
1056 2824 1238 2862 Alicante,
1265 2822 1377 2863 CAV.,
1412 2822 1603 2864 Moncada,
1630 2821 1754 2865 ΒΗΚ),

98 2869 255 2905 Murcico
281 2869 413 2914 (Sierra
438 2869 480 2903 de
507 2869 669 2913 Espuna.
696 2868 854 2912 GUIR.!),
882 2869 1026 2904 Granat.
1055 2869 1111 2914 (ad
1138 2870 1198 2904 alt.
1226 2868 1415 2903 3—6000¹:
1442 2880 1494 2913 pr.
1521 2869 1574 2904 las
1592 2869 1755 2903 Vertien-

98 2921 162 2960 tes,
186 2917 222 2950 in
246 2916 394 2961 planitie
419 2917 492 2950 alta
516 2916 577 2950 int.
603 2915 715 2959 Baza,
743 2915 901 2955 Guadix,
928 2917 1091 2951 Diezma.
1116 2917 1153 2950 in
1176 2917 1320 2951 montib.
1347 2915 1464 2949 Sierra
1490 2915 1532 2950 de
1558 2916 1694 2959 Maria,
1721 2916 1753 2949 S.

99 2962 141 2996 de
167 2962 256 3006 Gor,
282 2963 315 2997 S.
342 2963 384 2997 de
410 2963 562 3005 Jarana,
592 2962 697 3007 ΨΚ,
724 2963 910 3003 BOURG.!,
948 2963 1068 2997 Sierra
1093 2962 1257 3004 Nevada,
1283 2963 1388 3006 BSS.,
1416 2961 1522 3001 WK.,
1549 2963 1693 3001 ALTH.,
1720 2962 1754 2996 S.

101 3008 244 3054 Tejeda,
272 3009 396 3053 WBB.,
422 3010 520 3053 Bss„
547 3010 580 3044 S.
607 3009 648 3044 de
676 3010 709 3044 la
735 3010 856 3050 Nieve,
882 3010 981 3051 BSS.)
1007 3030 1051 3034 —
1079 3011 1120 3050 (ς.
1146 3009 1230 3054 Jul.,
1256 3009 1347 3052 Aug.
1375 3011 1418 3053 (v.
1445 3011 1500 3053 v.).

144 3055 234 3091 Hab.
261 3057 297 3090 in
322 3057 450 3101 Pyren.
477 3056 571 3099 gall.,
599 3055 736 3092 Graec..
764 3056 887 3091 Africa
910 3057 1058 3091 boreali.

1402 3113 1479 3146 12*
