1947 3296
984 113 1079 157 194

1440 200 1456 214 b

183 229 345 275 spinosos
375 229 516 276 incisis3
550 230 644 266 foliis
669 242 777 276 supra
801 231 969 277 adpresse
995 232 1175 267 araneosis
1207 231 1299 266 laete
1331 232 1542 276 virentibus,
1577 231 1699 267 subtus
1730 231 1880 267 albo-to—

181 277 358 316 mentosis,
385 276 603 323 lanceolatis,
629 277 799 322 profunde
823 279 1115 323 pinnatipartitis,
1139 277 1229 313 lobis
1253 278 1458 313 inferiorum
1484 278 1655 323 profunde
1681 278 1880 324 3—5-fidis,

181 322 343 359 omnibus
367 324 522 367 margine
549 324 886 371 spinuloso-ciliatis,
912 327 1034 361 subtus
1059 336 1162 360 nervo
1188 324 1302 359 medio
1327 337 1445 361 crasso
1462 324 1672 360 flavescente
1689 325 1725 359 in
1743 325 1879 370 spinam

179 368 333 404 validam
357 370 509 405 abeunte
533 372 728 417 percursis3
761 372 926 408 calathiis
959 372 1201 407 terminalibus
1226 373 1317 405 4—-7
1344 373 1547 417 corymbose
1573 372 1774 415 aggregatis
1799 372 1879 407 sub-

181 417 364 452 sessilibus
391 429 420 452 v.
451 417 658 453 brevissime
691 417 956 464 pedunculatis,
991 419 1150 453 anthodii
1184 419 1277 453 ovati
1300 420 1427 452 6—8¹“
1451 418 1473 453 l.
1509 420 1664 463 squamis
1697 418 1878 463 adpressis

180 474 287 508 parce
311 463 554 500 arachnoideis
579 465 671 499 laete
696 465 909 510 virentibus,
941 466 1073 510 planis,
1105 465 1454 501 lineari-lanceolatis
1487 467 1654 509 acutatis,
1691 465 1831 500 extimis
1857 475 1878 499 a

180 510 268 556 basi,
292 509 416 546 mediis
439 521 461 545 a
485 511 599 546 medio
624 521 729 546 nervo
754 522 874 548 crasso
900 512 1080 546 carinante
1105 513 1139 546 in
1166 513 1303 556 spinam
1335 513 1613 557 subpungentem
1643 517 1879 556 erecto-patu-

181 556 251 592 lam
277 557 459 593 desinente
492 559 685 604 percursis,
719 558 822 593 dorso
855 559 1089 593 minutissime
1122 559 1482 603 aureo-punctulatis‚
1517 558 1673 602 margine
1704 558 1878 603 ciliolatis,

179 603 310 639 intimis
335 605 435 649 apice
458 605 754 648 roseo-scariosis3
782 605 921 640 corollis
946 605 1038 639 laete
1065 606 1274 650 purpureis,
1301 606 1481 641 achaeniis
1507 607 1564 639 2¹⁰
1588 605 1610 639 l.
1637 605 1747 640 dilute
1771 605 1879 640 fuscis

180 650 302 686 nitidis
328 652 463 687 striatis
487 657 522 686 et
546 652 726 694 eleganter
750 657 950 686 transverse
966 651 1153 696 rugulosis,
1177 662 1294 697 pappo
1311 652 1419 697 triplo
1437 652 1667 687 brevioribus.
1688 671 1730 675 —
1750 651 1878 697 Spinae

183 698 311 732 2—3“‘
337 698 358 732 l.
384 697 531 743 validae,
557 697 798 732 flavescentes.

274 743 331 779 Ad
354 745 438 789 vias,
464 755 577 789 sepes,
602 755 728 789 muros,
754 755 918 787 agrorum
944 743 1133 787 margines,
1156 744 1192 777 in
1217 744 1412 788 ruderatis,
1438 744 1586 779 collibus
1613 745 1749 779 saxosis
1775 744 1876 779 steri-

226 792 336 836 libus,
369 794 510 836 pascuis
544 791 695 834 regionis
727 791 900 826 inferioris
933 796 967 825 et
1005 796 1193 825 montanae
1225 790 1419 835 Hispaniae
1454 791 1607 826 borealis
1644 798 1678 826 et
1711 791 1877 825 centralis

227 839 377 884 passim:
404 838 439 871 in
465 837 598 872 Gallec.
626 840 666 880 (c.
693 837 792 881 Lugo
818 844 853 872 et
879 837 1045 880 Santiago
1071 837 1113 871 de
1138 837 1373 882 Compostela,
1399 837 1540 883 LGEAE),
1567 838 1689 872 Astur.
1717 837 1773 881 (ad
1791 837 1878 872 Can—

227 896 289 929 gas
317 884 359 918 de
385 884 506 929 Tineo,
531 884 658 929 DUR.),
685 894 792 928 regno
818 884 963 928 Legion.
991 884 1086 926 (Pico
1112 884 1155 918 de
1180 884 1233 919 las
1259 884 1388 918 Corvas
1413 895 1465 928 pr.
1494 883 1668 919 Convento
1694 883 1736 919 de
1754 885 1879 925 Arvas,

227 932 381 967 BOURG.
393 932 425 976 !),
449 931 592 965 montib.
611 930 819 975 Carpetanis
844 932 909 976 (pr.
928 931 960 965 el
978 931 1141 966 Escorial
1159 937 1193 965 et
1210 931 1246 964 in
1264 931 1381 965 Sierra
1400 931 1442 965 de
1460 930 1716 976 Guadarrama,
1743 931 1878 977 REUT.,

226 978 400 1023 GRLLS.!,
426 977 562 1022 COLM.,
588 977 692 1021 CUT.,
716 978 844 1023 LGE.!,
869 978 1041 1013 BOURG.!
1068 989 1096 1013 c.
1116 977 1299 1013 Colmenar
1315 978 1416 1022 viejo,
1443 977 1657 1023 La-G1·a11ja,
1685 977 1717 1012 S.
1739 978 1876 1023 Rafael,

225 1027 261 1060 in
287 1025 405 1060 Sierra
429 1024 472 1058 (le
496 1024 651 1069 Gredos,
677 1024 834 1069 REUT.!,
860 1025 978 1059 Sierra
1012 1024 1055 1059 de
1081 1025 1291 1060 Tormentos
1325 1035 1432 1069 supra
1457 1024 1566 1060 Gerte
1599 1036 1652 1069 pr.
1679 1025 1877 1070 Plasencia,

226 1072 423 1114 BOURG.!).
450 1091 493 1095 -—
521 1079 558 1110 24.
582 1071 675 1116 Jun.,
703 1071 774 1106 Jul.
800 1073 841 1115 (v.
869 1072 921 1116 s.).

273 1118 332 1153 Ob
344 1128 450 1153 serv.
501 1117 537 1151 C.
561 1124 773 1162 carpetanus
797 1119 883 1153 BSS.
909 1119 1046 1160 REUT.,
1072 1117 1321 1162 speciminibus
1346 1117 1589 1161 Bourgaeanis
1615 1122 1650 1151 et
1675 1116 1877 1160 Langeanis

225 1176 303 1201 cum
335 1165 386 1199 eis
411 1164 447 1198 C.
474 1164 611 1209 Gayani
645 1165 681 1198 in
706 1164 865 1200 Gallecia
896 1166 940 1199 ab
974 1165 1073 1199 amic.
1100 1164 1196 1198 LGE.
1223 1164 1321 1198 lectis
1346 1165 1590 1199 acuratissime
1617 1164 1831 1208 comparatis
1856 1174 1877 1198 a

225 1212 261 1246 C.
293 1211 439 1256 Gayano
472 1211 634 1255 specifice
666 1211 833 1255 distingui
866 1223 932 1246 non
967 1216 1094 1255 potest.
1145 1210 1303 1254 Utraque
1338 1211 1445 1255 stirps
1484 1210 1650 1245 calathiis
1685 1210 1878 1245 minoribus

223 1259 499 1303 majoribusque,
524 1258 708 1293 sessilibus
733 1265 769 1293 et
792 1259 946 1294 breviter
968 1257 1226 1302 pedunculatis,
1251 1257 1412 1291 foliorum
1438 1258 1646 1300 alarumque
1672 1257 1782 1301 spinis
1805 1257 1877 1291 lon-

225 1306 382 1350 gioribus
408 1312 444 1339 et
467 1305 684 1340 brevioribus
702 1312 766 1340 etc.
792 1306 916 1340 variat.
950 1304 1123 1339 Anthodii
1141 1304 1458 1348 achaeniorumque
1479 1310 1657 1339 structura
1673 1304 1709 1337 in
1727 1310 1877 1348 utraque

224 1353 348 1398 planta
373 1363 517 1396 prorsus
542 1351 707 1387 identica.

273 1422 375 1456 1706.
424 1423 467 1456 G.
492 1422 745 1455 carlinoides
770 1420 868 1455 GOU.
894 1420 949 1455 Ill.
983 1432 1016 1465 p.
1044 1422 1099 1464 62,
1134 1426 1157 1454 t.
1185 1422 1245 1454 23!
1285 1418 1355 1453 GR.
1383 1418 1512 1454 GODR.
1539 1419 1560 1453 l.
1587 1431 1615 1454 c.
1646 1431 1680 1464 p.
1706 1421 1792 1455 236!
1827 1419 1876 1464 (C.

178 1469 384 1513 hispanicus
409 1467 565 1502 BOURG.
591 1479 660 1502 non
684 1467 729 1504 L.
751 1478 815 1502 nec
839 1467 939 1502 LAG.
990 1467 1141 1502 Cirsium
1166 1466 1407 1511 paniculatum
1431 1466 1584 1511 LAMK.,
1612 1466 1752 1501 Carlina
1775 1477 1878 1512 pyre-

177 1516 281 1550 naica
304 1515 372 1560 L.).
409 1514 810 1559 Candido-tomentosus,
836 1514 1111 1559 spinosissimus,
1136 1514 1330 1548 rhizomate
1357 1523 1476 1548 crasso
1502 1513 1638 1556 lignoso
1662 1514 1771 1558 fusco,
1797 1524 1877 1548 cau-

176 1562 268 1598 libus
294 1562 422 1597 erectis
453 1560 624 1606 ¹l2-l¹s2‘
650 1562 691 1607 l.,
725 1561 877 1606 foliosis,
909 1561 1029 1606 patule
1062 1561 1226 1605 ramosis,
1260 1559 1305 1594 ad
1337 1560 1474 1604 apicem
1507 1570 1618 1604 usque
1655 1560 1777 1599 alatis,
1811 1560 1878 1595 alis

178 1608 487 1645 sinuato-dentatis
512 1609 615 1652 longe
640 1609 807 1653 spinosis3
832 1608 925 1644 foliis
949 1608 1174 1643 inferioribus
1200 1606 1373 1650 elongatis
1399 1607 1584 1652 rosulatis,
1617 1608 1775 1642 omnibus
1800 1607 1876 1652 pin-

177 1656 413 1701 natipartitis,
448 1655 587 1690 laciniis
612 1655 823 1690 subremotis
848 1655 1088 1699 palmatilobis
1112 1654 1213 1697 longe
1240 1654 1409 1698 spinosis,
1443 1653 1610 1688 calathiis
1642 1654 1795 1688 breviter
1818 1666 1878 1698 pe-

177 1702 376 1738 dunculatis
402 1702 508 1737 dense
534 1702 762 1746 corymbosis‚
788 1702 947 1737 anthodii
971 1702 1226 1744 ovato-globosi
1250 1700 1402 1734 8—10¹“
1418 1700 1442 1733 1.
1468 1701 1696 1735 arachnoidei
1722 1701 1876 1744 squamis

176 1750 410 1784 exterioribus
434 1748 759 1784 ovato-lanceolatis
776 1749 879 1792 longe
896 1748 1060 1794 acutatis,
1083 1748 1216 1792 pallide
1232 1747 1439 1791 virentibus,
1464 1757 1486 1781 a
1502 1747 1616 1782 medio
1634 1757 1739 1782 nervo
1757 1757 1877 1782 crasso

175 1798 358 1832 carinante
383 1796 604 1841 spinescente
628 1796 822 1837 instructis,
847 1796 1074 1830 interioribus
1093 1794 1266 1838 elongatis
1284 1792 1489 1838 cuspidatis,
1515 1804 1536 1828 a
1552 1794 1667 1829 medio
1684 1804 1878 1838 purpureo-

176 1844 354 1888 scariosis,
373 1842 672 1887 subradiantibus,
690 1841 795 1877 fiores
812 1842 1062 1887 aequantibus,
1089 1842 1230 1876 corollis
1247 1841 1358 1876 roseis
1375 1846 1436 1875 aut
1454 1840 1557 1885 albis,
1575 1840 1710 1876 discum
1724 1841 1877 1875 8—10“¹

174 1890 236 1925 lat.
260 1890 528 1934 mentientibus,
560 1890 741 1924 achaeniis
774 1889 1099 1933 obovato-oblongis
1125 1888 1182 1922 2⁰¹
1206 1888 1228 1922 l.
1256 1887 1432 1923 subfuscis
1458 1887 1592 1922 striatis
1616 1893 1651 1922 et
1675 1893 1877 1923 transverse

174 1937 362 1981 rugulosis,
387 1947 505 1981 pappo
531 1935 670 1971 sordide
696 1936 776 1971 albo
811 1937 1020 1981 3—4-p10ve
1058 1935 1285 1970 brevioribus.
1314 1954 1358 1958 —
1392 1933 1532 1979 Caulis,
1567 1934 1675 1979 rami,
1714 1934 1878 1969 foliorum

174 1984 326 2029 paginae
356 1983 541 2017 inferiores
570 1983 885 2017 niveo-tomentosi.
935 1982 1064 2027 Spinae
1097 1982 1224 2016 3—7“‘
1248 1981 1270 2016 l.
1304 1980 1442 2015 validae
1473 1981 1698 2016 lutescentes.
1746 1981 1876 2016 Planta

176 2040 282 2075 saepe
313 2030 503 2074 caespitem
535 2029 738 2065 intricatum
769 2029 880 2074 spinis
915 2029 1096 2064 horridum
1128 2028 1247 2064 efficit.
1297 2027 1338 2061 In
1370 2026 1536 2062 albifiora
1567 2038 1736 2071 squamae
1769 2028 1877 2063 etiam

176 2075 338 2112 anthodii
362 2076 547 2110 interiores
572 2075 861 2111 albo—scariosae.

268 2123 311 2157 In
335 2123 520 2167 glareosis,
545 2123 685 2167 pascuis
710 2121 864 2157 humidis
890 2123 1041 2165 regionis
1068 2122 1208 2166 alpinae
1233 2121 1495 2165 Pyrenaeorum
1522 2120 1571 2164 (in
1588 2120 1742 2164 Aragon.
1769 2126 1876 2156 mont.

226 2182 256 2206 c.
281 2169 372 2215 Izas,
397 2169 500 2214 Soba,
525 2169 725 2215 Panticosa,
749 2169 851 2214 Ass„
875 2168 920 2203 ad
945 2168 1007 2203 alt.
1031 2167 1287 2211 4500—4700‘‚
1313 2166 1414 2211 WK.,
1439 2166 1589 2201 Puertos
1615 2166 1657 2202 de
1683 2167 1818 2202 Pineda
1842 2172 1877 2203 et

222 2216 419 2261 Renclusa,
445 2215 562 2261 LAR,
593 2227 622 2251 c.
654 2216 898 2259 Penablanca,
935 2215 1146 2259 Castaneza,
1172 2214 1321 2258 ZETT.!,
1353 2213 1389 2247 in
1422 2219 1539 2248 monte
1574 2213 1777 2259 Maladeta,
1803 2213 1875 2249 GR.

224 2264 371 2308 GODR.,
402 2263 437 2297 in
470 2263 561 2297 valle
594 2262 636 2297 de
662 2263 778 2308 Aran,
803 2262 946 2297 montib.
981 2261 1023 2296 de
1048 2262 1160 2296 Nuria
1178 2267 1243 2296 etc.
1270 2260 1513 2303 Catalauniae,
1541 2259 1686 2305 CSTA.!)
1713 2266 1748 2295 et
1772 2261 1872 2305 regni

223 2310 371 2346 Granat.
397 2309 526 2353 (Sierra
543 2308 690 2344 Nevada
714 2309 759 2343 ad
782 2310 844 2345 alt.
862 2309 1119 2354 8000—9500‘,
1145 2308 1243 2353 Ess,
1271 2307 1372 2352 WK.,
1396 2306 1499 2352 FK.!,
1525 2307 1710 2353 BOURG.!,
1735 2308 1874 2352 ALTH.)

224 2378 268 2384 -
295 2366 331 2398 21.
357 2356 584 2400 Jun.—Aug.
611 2359 653 2400 (v.
677 2356 733 2401 v.).

269 2404 361 2439 Hab.
386 2403 494 2438 etiam
518 2403 554 2437 in
577 2403 705 2448 Pyren.
732 2402 881 2446 gallicis.

270 2462 373 2496 1707.
407 2463 449 2496 C.
474 2463 663 2495 baeticus
688 2461 774 2495 BSS.
799 2460 925 2495 REUT.
949 2458 1078 2502 Pugill.
1104 2471 1136 2504 p.
1156 2459 1217 2494 63!
1246 2458 1295 2503 (C.
1323 2458 1501 2493 confertus
1525 2458 1679 2492 BOURG.
1706 2458 1753 2502 pl.
1780 2457 1874 2502 hisp.

177 2519 250 2545 exs.
278 2509 385 2551 1849,
412 2519 443 2542 n.
470 2509 555 2552 258,
581 2519 650 2542 non
675 2509 834 2552 MORIS.)
888 2507 1071 2551 »Annuus,
1105 2506 1206 2540 caule
1241 2505 1516 2550 simpliciusculo
1548 2510 1683 2549 erecto,
1720 2505 1873 2539 calathia

176 2566 292 2601 pauca
314 2556 351 2589 in
375 2555 494 2590 axillis
521 2555 680 2590 solitaria
704 2561 849 2589 ternave
875 2553 1017 2598 edente,
1043 2552 1144 2597 apice
1170 2553 1391 2596 aggregatim
1414 2552 1664 2597 polycephalo‚
1689 2561 1875 2586 araneoso-

177 2608 398 2646 canescente,
423 2607 571 2645 anguste
595 2608 631 2637 et
655 2602 800 2636 lobatim
825 2600 1075 2643 virenti—alato,
1102 2599 1167 2634 alis
1191 2600 1227 2633 in
1253 2600 1372 2644 spinas
1398 2598 1545 2634 flavidas
1571 2598 1797 2633 tenuissimas
1822 2598 1874 2632 eis

177 2649 419 2692 sublongiores
436 2649 668 2683 creberrimas
685 2648 912 2692 abeuntibus,
938 2647 1030 2682 foliis
1048 2646 1207 2690 oblongis
1224 2645 1455 2691 pinnatifidis,
1479 2645 1570 2680 lobis
1588 2645 1742 2679 breviter
1758 2650 1874 2679 ovato-

175 2695 453 2739 triangularibus
476 2695 701 2730 denticulatis
726 2696 953 2730 circacircum
979 2694 1014 2727 in
1039 2693 1162 2728 dentes
1187 2692 1333 2728 flavidos
1358 2693 1499 2727 crebros
1526 2691 1755 2736 abeuntibus3
1781 2691 1873 2725 cala-

175 2743 262 2778 thiis
287 2741 538 2777 subsessilibus
563 2743 655 2776 inter
680 2752 716 2777 se
743 2741 938 2785 contiguis,
966 2740 1127 2775 anthodii
1151 2740 1234 2784 pilis
1259 2740 1438 2775 araneosis
1464 2739 1614 2783 sparsim
1639 2738 1745 2773 obsiti
1770 2748 1873 2781 squa-

175 2791 240 2824 mis
273 2788 468 2833 adpressis,
504 2789 739 2824 exterioribus
773 2788 1123 2823 lineari-lanceolatis
1155 2787 1255 2831 apice
1286 2787 1322 2820 in
1351 2785 1489 2831 spinam
1520 2785 1721 2820 subulatam
1745 2782 1872 2819 flavam

175 2837 396 2881 abeuntibus,
420 2845 524 2869 nervo
541 2835 655 2870 medio
674 2836 810 2870 elevato
827 2835 1015 2879 percursis,
1040 2834 1173 2869 intimis
1196 2833 1404 2876 inermibus,
1431 2832 1574 2867 corollis
1599 2832 1719 2876 roseis,
1745 2831 1873 2865 achae-

174 2883 242 2919 niis
265 2881 554 2926 fuscescentibus,
581 2882 657 2916 basi
681 2882 884 2927 attenuatis,
910 2881 1042 2920 nitidis,
1068 2881 1130 2916 sub
1154 2881 1248 2914 lente
1271 2885 1471 2914 transverse
1497 2878 1706 2922 rugulosis«

267 2928 310 2963 In
333 2929 492 2963 arenosis
516 2929 701 2964 maritimis
727 2930 820 2964 circa
844 2928 961 2964 Gades
987 2926 1184 2972 (FAUCHFJ,
1209 2927 1346 2972 REUT.,
1371 2926 1551 2970 BOURG.).
1578 2945 1622 2950 -
1648 2929 1685 2966 (0)
1709 2926 1753 2968 (n.
1779 2923 1823 2968 v.)

267 2999 284 3032 Ῥ
303 2998 403 3032 1708.
446 3000 488 3033 C.
515 3000 821 3040 cephalanthus
846 2998 934 3034 VIV.
961 2997 989 3031 F
994 2997 1015 3032 l.
1041 3008 1130 3032 cors.
1156 2996 1273 3039 diagn.
1301 2997 1354 3030 14.
1380 2995 1452 3030 GR.
1478 2994 1607 3030 GODR.
1634 2994 1656 3029 1.
1674 3005 1703 3029 c.
1729 3005 1762 3038 p.
1781 2993 1870 3028 228!
1924 2992 1928 2995 ’

174 3045 310 3081 MORIS
333 3044 388 3080 Fl.
415 3043 508 3080 sard.
526 3043 574 3091 11,
598 3056 631 3090 p.
648 3046 692 3079 47
697 3045 729 3090 9,
755 3051 778 3081 t.
797 3046 853 3080 90.
886 3044 1079 3090 Robustus,
1103 3043 1236 3089 viridis,
1259 3043 1360 3079 caule
1390 3042 1515 3087 ¹s2—3‘
1532 3041 1554 3077 1.
1581 3046 1698 3077 erecto
1716 3039 1871 3076 sulcato-
