1947 3296
958 61 1051 105 120

252 183 384 217 ?1501.
435 184 472 217 S.
498 184 716 224 praealtus
741 182 920 216 BERTOL.
947 182 1073 227 Opusc.
1100 195 1147 218 50.
1172 184 1247 219 Βο1.
1275 183 1330 217 III
1357 183 1487 228 (1819),
1513 196 1546 228 p.
1565 185 1641 228 183,
1667 189 1692 219 t.
1717 186 1760 225 7..
1786 183 1857 219 DC.

159 228 281 263 Prodr.
307 228 369 273 VI,
394 240 428 273 p.
448 230 534 263 351!
572 229 618 273 (S.
647 229 926 264 anthoraefolius
953 228 1079 264 RCHB.
1105 230 1160 264 Fl.
1185 241 1293 273 germ.
1320 241 1393 265 exc.
1418 243 1451 275 p.
1475 233 1560 266 243!
1586 235 1678 265 teste
1704 230 1789 275 DC„
1824 231 1857 265 S.

158 275 342 319 aquaticus
373 275 457 310 BSS.
489 275 578 320 Voy.
611 275 697 320 Esp.
728 286 771 310 ex
804 276 974 320 statione,
1008 287 1077 311 non
1102 277 1225 312 HUDS.
1283 277 1315 311 S.
1349 277 1582 312 crucaefolius
1608 277 1704 311 KZE.
1740 277 1858 312 Chlor.

159 335 192 358 n.
212 324 295 358 301!
321 333 390 357 non
416 321 456 356 L.
493 322 571 356 Sen.
597 322 777 357 Jacobaea
801 322 896 357 ΚΖΕ.
935 322 1051 358 Chlor.
1077 336 1110 368 p.
1127 325 1212 359 3341
1239 335 1307 358 non
1325 323 1380 367 L.)
1415 323 1638 369 Spectabilis,
1667 323 1859 367 glabratus‚

159 369 260 405 caule
285 369 402 404 ere'cto
428 370 573 404 robusto
600 371 702 403 2-4‘
727 369 761 413 l.,
789 370 925 412 striato,
949 369 1092 415 folioso,
1120 371 1218 415 apice
1244 370 1544 416 patulo-ramos03
1581 370 1675 405 foliis
1699 370 1861 414 rigidius-

162 416 260 456 culis,
285 416 500 451 basilaribus
526 416 704 460 petiolatis
729 416 993 460 pinnatisectis,
1022 418 1210 459 segmentis
1236 417 1395 460 oblongis
1421 416 1863 452 sinuato-inciso-dentatis

160 476 189 498 V.
215 462 588 507 subpinnato-lobatis,
623 463 766 497 summis
791 461 1066 505 confluentibus,
1093 463 1256 498 dentibus
1281 463 1481 499 rotundatis
1506 463 1776 507 mucronulatis,
1802 464 1861 498 fol.

161 509 310 546 caulinis
336 509 520 544 sessilibus
545 509 973 554 lyrato-pinnatipartitis,
1004 510 1251 554 partitionibus
1276 510 1428 554 obliquis
1452 510 1677 556 lanceolatis,
1703 511 1861 554 oblongis

160 556 409 601 linearibusve,
437 555 761 598 sinuato—dentatis,
787 556 823 589 in
847 555 905 589 fol.
933 556 1077 591 summis
1102 556 1349 599 irregulariter
1374 557 1568 602 laciniatis,
1596 557 1756 592 lacinulis
1782 556 1863 592 den-

162 604 326 646 tibusque
356 603 485 645 acutis;
521 602 686 637 calathiis
719 602 1013 636 numerosissimis
1038 603 1074 636 in
1099 604 1301 648 corymbum
1326 605 1555 648 compositum
1580 603 1865 647 subfastigiatum

164 649 316 695 amplum
335 651 420 684 satis
438 649 583 684 densum
601 649 789 692 congestis,
808 649 871 683 sub
889 648 985 682 anth.
1007 647 1075 692 ³l4⁰
1092 649 1170 695 lat.;
1196 649 1404 694 pedunculis
1422 651 1698 694 erecto-patulis,
1723 650 1865 695 strictis,

162 697 315 732 bracteis
341 696 565 740 squamisque
590 695 798 729 accessoriis
824 695 996 730 subulatis
1021 696 1163 741 patulis,
1191 697 1346 740 squamis
1371 697 1533 731 anthedii
1559 697 1764 732 lanceolatis
1786 708 1866 732 acu-

165 742 306 778 minatis
330 742 581 785 immaculatis,
617 742 737 783 ligulis
765 744 807 774 12
834 741 1192 783 oblongo-linearibus
1217 742 1336 787 flavis,
1370 744 1550 779 achaeniis
1583 748 1621 778 ut
1651 744 1689 778 in
1713 744 1864 789 specieb.

165 788 465 835 praecedentibus.
501 808 544 813 —
578 788 720 831 Species
752 788 1005 833 polymorpha.
1037 788 1151 832 quoad
1183 789 1346 824 foliorum
1379 789 1528 834 figuram
1561 790 1867 834 calathiorumque

166 836 442 881 dispositionem.
490 835 593 869 Folia
622 835 792 869 basilaria
826 834 871 869 ad
897 836 941 868 6“
974 845 1083 878 usque
1117 836 1223 879 longa
1258 842 1292 871 et
1319 838 1433 870 1--2”
1458 838 1543 871 lata.
1594 836 1736 871 Ramuli
1768 836 1868 871 inflo-

167 883 360 919 rescentiae
385 881 560 916 interdum
585 880 1012 915 arcuato-adscendentes.

259 929 301 962 In
326 928 483 963 arenosis
509 927 756 971 argillosisque
780 927 946 971 humidis,
972 927 1168 971 uliginosis,
1194 928 1240 962 ad
1261 930 1358 973 ripas
1384 929 1536 972 regionis
1562 929 1748 973 inferioris⁷
1772 941 1869 965 mon-

212 981 316 1011 tanae
348 981 383 1009 et
413 975 622 1018 subalpinae
655 974 850 1019 Hispaniae
882 974 1110 1009 occidentalis
1142 980 1176 1009 et
1209 976 1390 1011 australis:
1427 977 1461 1010 in
1492 986 1599 1020 regno
1624 977 1769 1020 Legion.
1805 977 1868 1021 (pr.

212 1022 330 1065 Bejar,
355 1021 574 1065 Salamanca,
601 1020 715 1065 WK.),
742 1020 951 1055 Extremad.
978 1022 1018 1065 (c.
1038 1021 1235 1066 Plasencia,
1262 1022 1377 1067 ΨΚ),
1403 1022 1498 1057 Cast.
1516 1034 1591 1058 nov.
1611 1024 1676 1068 (pr.
1696 1023 1871 1058 Talavera

216 1068 258 1103 de
284 1067 318 1101 la
341 1068 476 1113 Reyna,
503 1067 665 1102 Toletum
684 1074 749 1102 etc.
776 1067 891 1111 ΨΚ),
918 1067 1037 1102 Sierra
1060 1068 1210 1102 Morena
1237 1070 1284 1113 (in
1309 1070 1597 1114 depressionibus
1628 1069 1782 1105 humidis
1806 1070 1871 1104 uli-

220 1114 421 1159 ginosisque
452 1125 515 1158 per
546 1120 656 1149 totum
689 1119 842 1149 tractum
874 1114 1018 1155 abund..
1045 1113 1164 1158 WK.),
1198 1125 1306 1159 regno
1337 1116 1453 1150 Jienn.
1486 1117 1535 1159 (in
1567 1117 1749 1161 paludosis
1781 1116 1872 1152 inter

219 1161 311 1196 Jaen
336 1169 370 1195 et
395 1160 537 1205 Ubeda,
566 1160 686 1204 ΨΚ),
722 1161 868 1195 Granat.
895 1161 943 1204 (in
969 1161 1087 1195 Sierra
1111 1161 1257 1196 Nevada
1290 1163 1334 1196 ad
1366 1163 1457 1197 rivos
1489 1163 1551 1198 int.
1578 1164 1639 1198 alt.
1667 1175 1695 1197 c.
1723 1165 1813 1197 3000
1838 1170 1873 1198 et

220 1209 324 1242 7000'
350 1208 450 1251 VVK„
475 1207 601 1250 Bss.‘.>)
629 1227 671 1231 ——
700 1216 723 1248 22
750 1208 790 1251 (Ῥ)
817 1207 1015 1242 Jul.—Oct.
1043 1209 1083 1251 (v.
1108 1208 1164 1250 v.).
1219 1209 1418 1244 »Azuzon«.

266 1253 445 1290 Observ.
496 1254 696 1298 Specimina
727 1254 933 1289 authentica
964 1255 1095 1299 speciei
1119 1255 1359 1290 Bertoloniani
1390 1267 1459 1290 non
1488 1255 1574 1298 vidi,
1610 1255 1671 1290 sed
1697 1255 1739 1290 el.
1767 1256 1802 1290 C.
1828 1255 1872 1290 H.

219 1301 404 1336 SCHULTZ
428 1301 525 1345 Bip.,
558 1300 617 1344 qui
643 1301 837 1345 specimina
861 1311 940 1335 mea
964 1301 999 1334 in
1023 1301 1198 1345 Hispania
1222 1302 1314 1337 lecta
1340 1302 1442 1345 vidit,
1472 1302 1629 1347 plantam
1653 1302 1874 1347 hispanicam

221 1360 298 1384 cum
325 1348 441 1393 specie
467 1347 717 1382 Bertoloniana
741 1347 930 1382 identicam
955 1358 1033 1383 esse
1059 1348 1207 1382 censuit.
1577 1369 1579 1373 .

265 1395 356 1430 Hab.
384 1396 418 1429 in
442 1394 523 1429 Ital.
550 1394 735 1439 superiori,
760 1394 895 1429 Austr..
921 1394 1117 1438 Hungaria,
1142 1395 1271 1430 Rossia
1295 1394 1384 1429 med.
1411 1400 1447 1429 et
1472 1395 1632 1430 australi.

268 1465 369 1498 1502.
400 1465 437 1497 S.
455 1465 634 1498 foliosus
652 1464 798 1498 SALZM.
816 1465 852 1498 in
869 1464 916 1508 pl.
940 1464 1054 1507 tingit.
1079 1474 1150 1499 exs.
1170 1466 1283 1507 1825„
1310 1464 1382 1499 DC.
1401 1465 1524 1499 Prodr.
1551 1464 1574 1499 1.
1592 1467 1639 1500 c.!
1669 1464 1715 1509 (S.
1733 1464 1877 1498 lacinia-

176 1520 232 1548 tus
257 1512 451 1546 SCHOUSB.
489 1510 521 1545 S.
549 1511 668 1546 Tasna
696 1511 848 1545 WELW.
875 1510 975 1553 olim,
1010 1511 1042 1545 S.
1068 1511 1249 1546 Jacobaea
1273 1511 1398 1546 BROT.
1423 1517 1514 1546 teste
1540 1511 1638 1546 LGE.
1670 1516 1705 1546 et
1728 1511 1762 1546 J.
1788 1510 1878 1544 GAY

175 1561 211 1594 in
227 1559 326 1593 DUR.
344 1558 392 1602 pl.
409 1557 529 1592 Astur.
548 1568 620 1593 exs.
645 1569 677 1592 n.
697 1558 764 1592 305
789 1562 881 1593 teste
899 1558 1023 1602 COSS.)
1056 1557 1185 1593 Differt
1209 1569 1230 1592 a
1253 1558 1416 1602 praeced.
1444 1564 1582 1593 statura
1606 1558 1751 1595 minore.
1777 1558 1877 1592 caule

176 1606 291 1641 adhuc
315 1604 428 1648 magis
453 1603 590 1647 folioso,
616 1604 710 1639 foliis
735 1604 884 1639 caulinis
910 1615 1016 1649 saepe
1040 1605 1336 1649 bipinnatisectis,
1363 1605 1552 1648 segmentis
1578 1606 1736 1649 angustis
1753 1605 1880 1640 inciso-

177 1652 330 1688 dentatis
354 1663 384 1685 V.
409 1651 597 1696 laciniatis,
625 1651 787 1686 dentibus
812 1651 1022 1695 laciniisque
1047 1653 1179 1695 acutis,
1205 1651 1372 1688 calathiis
1397 1653 1511 1687 minus
1535 1651 1741 1696 numerosis,
1763 1651 1801 1685 in
1825 1662 1880 1686 co-

174 1700 334 1745 rymbum
359 1698 479 1733 laxum
505 1697 697 1743 dispositis,
724 1698 841 1741 ligulis
868 1703 1016 1741 anguste
1042 1698 1246 1733 linearibus.

316 1757 354 1800 β.
380 1755 710 1791 suffrutescens
736 1755 826 1790 WK.
852 1756 1012 1791 caulibus
1036 1756 1115 1791 basi
1140 1756 1305 1801 lignosis,
1338 1756 1431 1791 foliis
1458 1755 1701 1799 subcarnosis,
1736 1755 1880 1790 summis

382 1802 664 1846 lato-laciniatis,
688 1802 895 1847 pedunculis
920 1803 1075 1838 robustis
1101 1803 1245 1847 strictis,
1271 1803 1435 1838 bracteas
1457 1813 1662 1838 numerosas
1680 1803 1752 1836 late
1770 1802 1879 1836 linea—

381 1860 438 1884 res
474 1854 595 1884 acutas
629 1849 823 1884 herbaceas
855 1850 1080 1895 gerentibus,
1118 1849 1236 1893 ligulis
1271 1850 1404 1884 croceis
1438 1850 1507 1894 (An
1537 1860 1641 1884 verus
1676 1849 1710 1883 S.
1735 1848 1881 1884 foliosus

384 1896 579 1939 SALZM.?).

268 1942 309 1976 In
332 1941 487 1977 humidis
512 1942 666 1986 regionis
690 1941 868 1976 inferioris
894 1946 929 1976 et
956 1942 1210 1977 submontanae
1232 1941 1429 1986 Hispaniae
1455 1940 1690 1985 occidentalis,
1716 1941 1883 1976 centralis

223 1994 258 2023 et
283 1989 469 2024 australis:
505 1989 543 2022 in
567 1988 701 2022 Gallec.
727 1988 785 2032 (ad
809 1988 902 2022 rivos
927 1987 1039 2032 frequ.
1065 1989 1202 2029 PLAN.,
1229 2001 1257 2023 c.
1285 1989 1463 2032 Santiago.
1488 1988 1637 2030 LGE.!),
1672 1988 1795 2022 Astur.
1823 1986 1882 2031 (ad

225 2035 346 2070 Corias
370 2047 423 2079 pr.
449 2035 587 2078 Cangas
613 2035 654 2069 de
681 2035 802 2079 Tineo,
828 2035 1029 2079 BOURG.!),
1056 2036 1208 2079 provinc.
1226 2035 1439 2077 Legionensi
1464 2040 1499 2069 et
1523 2040 1672 2077 utraque
1698 2034 1790 2069 Cast.
1816 2033 1883 2067 fre-

223 2092 331 2125 quens
358 2082 495 2127 (LGE.),
523 2081 730 2116 Extremad.
759 2082 823 2125 (pr.
850 2081 883 2114 el
907 2081 1146 2125 Monasterio,
1173 2081 1402 2125 SCHOUSB.),
1433 2082 1533 2116 Baet.
1561 2081 1634 2125 (int.
1659 2080 1823 2124 Andujar
1848 2086 1882 2114 et

227 2129 406 2173 Montoro,
443 2140 471 2163 c.
505 2128 682 2169 Coi-deba,
716 2127 865 2168 Sevilla,
900 2127 936 2161 in
970 2139 1066 2172 prov.
1104 2127 1297 2171 Gaditana,
1325 2128 1446 2173 ΨΚ),
1471 2148 1515 2153 -
1552 2128 1588 2169 β.
1614 2138 1667 2172 pr.
1694 2127 1812 2162 Gades
1837 2126 1882 2160 ad

224 2170 468 2256 lacunpins.
495 2174 569 2210 Isla
600 2174 643 2209 de
668 2174 771 2209 Leon
796 2173 925 2218 (WK.),
952 2174 996 2208 ad
1023 2174 1133 2209 Torre
1159 2175 1269 2218 gorda
1294 2174 1419 2218 (LGE.)
1451 2174 1488 2208 111
1518 2174 1578 2209 lat.
1614 2174 1721 2208 occid.
1755 2173 1884 2208 montis

225 2221 349 2256 Gibral
368 2232 418 2256 ar.
445 2221 561 2266 (WK.)
596 2220 743 2255 Secund.
777 2221 820 2255 cl.
855 2221 1070 2256 COLMEIRO
1102 2222 1138 2255 in
1171 2221 1352 2256 Catalaun.
1385 2222 1519 2266 (versus
1544 2221 1577 2255 S.
1603 2220 1678 2265 Boy
1710 2220 1752 2255 de
1778 2220 1882 2254 Llob-

225 2269 338 2312 regat)
365 2269 473 2303 etiam
498 2268 666 2313 provenit.
693 2288 736 2291 —
766 2274 802 2308 21.
829 2266 900 2302 Jul.
926 2267 1016 2311 Aug.
1026 2281 1034 2312 3
1060 2269 1097 2311 β.
1123 2267 1395 2303 hieme-Junio
1421 2267 1462 2310 (v.
1488 2268 1543 2310 v.).

271 2315 361 2349 Hab.
387 2315 494 2350 etiam
519 2315 556 2349 in
579 2314 798 2349 Mauritania
823 2312 1009 2358 (SALZM.).

273 2360 447 2396 Observ.
495 2361 631 2396 Vereor
654 2371 697 2395 ne
724 2361 832 2405 stirps
856 2361 1060 2405 hispanica,
1097 2359 1221 2404 planta
1256 2359 1383 2395 saltem
1409 2359 1592 2394 Gallecica
1622 2365 1658 2393 et
1683 2357 1885 2393 Castellana

227 2405 380 2442 identica
406 2409 451 2443 sit
475 2419 552 2442 cum
580 2408 697 2452 specie
723 2407 969 2452 praecedente.
1019 2406 1218 2451 Specimina
1242 2406 1452 2451 Langeana,
1487 2416 1577 2450 quae
1600 2405 1686 2448 vidi,
1720 2415 1740 2439 a
1764 2405 1887 2449 planta

226 2451 442 2496 Legionensi
460 2460 495 2489 et
512 2454 736 2499 Granatensi,
764 2464 868 2498 quam
893 2454 935 2488 cl.
955 2453 1139 2488 SCHULTZ
1164 2453 1196 2487 S.
1221 2454 1422 2498 praealtum
1448 2464 1524 2488 esse
1549 2451 1805 2491 determinavit,
1829 2451 1887 2484 vix

231 2498 417 2545 differunt,
449 2501 517 2534 nisi
549 2501 642 2535 101115
677 2501 825 2536 caulinis
860 2500 1222 2545 subbipinnatisectis,
1262 2500 1500 2545 superioribus
1534 2504 1682 2542 anguste
1717 2502 1887 2541 acuteque

229 2546 422 2581 laciniatis.
471 2547 668 2591 Specimina
695 2547 968 2581 Salzmanniana
1000 2557 1070 2581 non
1102 2546 1183 2581 vidi.
1232 2547 1360 2582 Planta
1383 2546 1560 2581 Gaditana
1590 2550 1626 2578 et
1647 2544 1887 2579 Gibraltarica

230 2592 353 2627 habitu
379 2598 413 2627 et
440 2593 600 2628 caulibus
626 2593 954 2629 suffr-utescentibus
986 2604 1007 2627 a
1038 2593 1161 2637 planta
1187 2592 1401 2628 Granatensi
1435 2592 1535 2626 valde
1571 2591 1790 2635 discrepant,
1825 2589 1886 2624 sed

229 2639 421 2684 specimina
444 2650 523 2673 mea
547 2641 649 2675 nimis
671 2640 840 2683 juvenilia
865 2645 900 2675 et
924 2640 1136 2684 incompleta
1162 2646 1252 2684 sunt,
1278 2640 1329 2675 ita
1355 2644 1391 2674 ut
1408 2638 1664 2682 quaestionem,
1689 2648 1771 2671 num
1796 2637 1885 2670 haec

229 2686 337 2730 stirps
369 2697 389 2719 a
422 2685 544 2729 planta
569 2686 796 2729 Legionensi,
832 2687 1034 2721 Castellana
1067 2691 1102 2720 et
1127 2686 1340 2722 Granatensi
1376 2685 1538 2730 specifice
1571 2684 1713 2718 differat
1737 2694 1782 2717 an
1806 2693 1884 2722 non,

227 2731 427 2767 discernere
452 2742 631 2776 nequeam.
667 2733 829 2768 Ceterum
849 2734 924 2777 jam
950 2733 1334 2768 cl.DEOANDOLL1US
1357 2733 1415 2776 qui
1440 2732 1622 2774 utriusque
1649 2730 1780 2775 speciei
1805 2739 1882 2773 spe-

228 2779 355 2814 cimina
379 2779 584 2813 authentica
609 2785 689 2813 ante
715 2781 832 2814 oculos
858 2780 993 2824 habuit,
1018 2781 1053 2814 in
1076 2780 1199 2814 Prodr.
1226 2780 1248 2813 l.
1268 2790 1295 2813 c.
1339 2779 1371 2813 S.
1398 2779 1561 2813 foliosum
1586 2777 1732 2811 SALZM.
1763 2775 1882 2810 »valde

229 2831 265 2860 et
288 2825 378 2861 sorte
402 2824 527 2860 nimis«
555 2825 599 2859 ad
625 2826 657 2860 S.
685 2827 885 2870 praealtum
911 2825 1079 2861 accedere
1105 2826 1200 2861 dicit.

276 2896 377 2928 1503.
428 2895 464 2928 S.
492 2897 712 2934 aquaticus
737 2895 861 2930 HuDs.
887 2895 940 2929 Fl.
967 2895 1059 2938 angl.
1086 2907 1119 2939 p.
1140 2895 1217 2929 366.
1243 2893 1315 2928 GR.
1342 2892 1470 2928 GODR.
1497 2893 1519 2926 l.
1538 2904 1565 2927 c.
1592 2905 1625 2936 p.
1646 2893 1728 2926 114!
1755 2890 1883 2925 RcHB.

185 2941 231 2975 Ic.
257 2941 280 2974 l.
306 2952 333 2975 c.
368 2945 392 2974 t.
419 2941 480 2974 74!
515 2940 560 2984 (S.
587 2942 758 2976 erraticus
788 2941 872 2975 WK.
899 2942 985 2976 Sert.
1021 2953 1053 2975 n.
1083 2943 1166 2976 500!
1201 2951 1270 2975 non
1292 2938 1487 2981 BERTOL.)
1536 2938 1668 2973 Glaber
1692 2942 1754 2972 aut
1776 2947 1886 2981 parce

182 2986 679 3031 arachnoideo-lanuginosus,
710 2987 827 3022 radice
855 2998 976 3022 crassa
1001 2988 1098 3022 brevi
1122 2986 1404 3032 perpendiculari
1429 2996 1634 3031 praemorsa
1659 2983 1883 3027 subglobosa,
