1947 3296
893 133 986 179 631

88 256 310 299 acuminatis,
333 255 485 290 mediam
508 255 677 291 corollam
701 255 953 301 aequantibu33
978 253 1114 290 corolla
1131 254 1260 290 1‘¹1.v.
1278 254 1448 301 longiore,
1474 260 1797 301 arcuato-curvata,

88 304 230 348 glabra,
264 303 366 338 fauce
402 302 578 346 limboque
610 307 988 353 atro-purpurascente
1012 307 1169 337 ceterum
1193 301 1440 337 luteo-virente
1463 314 1496 338 v.
1521 301 1795 348 luteo-rubente,

87 351 124 385 in
148 350 242 386 sicco
265 350 456 386 chartacea
479 349 839 395 rubro-fuscescente3
876 349 1070 385 filamentis
1102 348 1180 384 basi
1205 353 1240 383 et
1264 349 1368 393 apice
1393 350 1596 394 puberulis,
1634 350 1796 386 antheris

88 397 233 443 glabris,
260 397 351 442 stylo
375 396 477 442 apice
502 396 722 443 glanduloso,
748 397 915 441 stigmate
940 407 1051 442 parvo
1077 395 1352 431 suborbiculato.

180 455 238 490 Ad
261 455 371 490 radic.
396 455 599 490 Rosmarini
624 455 813 491 officinalis
838 456 1096 500 Cistorumque,
1121 454 1230 490 etiam
1256 454 1408 489 aliarum
1433 453 1657 489 suffruticum
1682 455 1718 489 in
1742 464 1796 490 re-

135 502 240 545 gione
264 501 420 537 inferior.
447 507 482 536 et
506 507 659 537 montan.
685 502 882 548 Hispaniae
907 502 1090 548 oriental,
1127 501 1274 536 central.
1307 506 1343 536 et
1371 500 1542 536 australis
1567 502 1720 546 passim:
1760 502 1797 536 in

135 549 316 584 Catalaun.
343 549 392 593 (in
418 549 507 583 colle
532 549 753 594 Montjuich,
790 550 827 584 in
861 550 970 584 vineis
1003 550 1067 584 int.
1102 559 1182 594 pag.
1208 548 1329 583 Bruch
1354 552 1390 583 et
1414 547 1577 583 Montem
1603 548 1796 593 Serratum,

133 596 236 641 WK.,
260 607 313 641 pr.
339 595 486 631 Castillo
513 595 556 631 de
582 596 666 632 Fels
693 602 728 632 et
752 597 788 632 in
812 597 902 632 colle
929 596 1102 632 Tibidabo
1129 606 1239 641 supra
1264 594 1406 640 Gracia,
1431 595 1600 637 BOURG.,
1626 595 1731 639 FK.l,
1759 595 1793 630 S.

133 642 283 678 Llorens
316 642 373 677 del
398 643 515 686 Mona
549 643 586 677 111
621 643 754 679 ditione
788 645 820 678 61
846 643 969 679 Valles
994 643 1075 678 inde
1102 653 1123 677 a
1149 643 1307 678 Tarraca
1333 641 1378 677 ad
1403 641 1531 677 Caldas
1558 642 1601 676 (16
1628 642 1796 687 Monbuy,

134 690 282 735 CSTA.1)
299 718 307 734 ,
344 700 452 733 regno
478 689 617 725 Valent.
647 691 714 735 (pr.
741 691 867 736 Chiva,
895 690 1016 735 WK.),
1049 691 1204 734 Aragon.
1231 695 1339 725 austr.
1367 688 1529 735 (abund.,
1563 693 1604 724 ut
1627 689 1736 724 etiam
1761 689 1797 723 111

133 737 264 773 ditione
290 736 323 771 61
340 736 578 782 Maestrazgo,
602 737 721 773 LOSO.
746 738 922 784 PARD.!),
947 738 1042 774 Cast.
1060 737 1149 773 Nov.
1177 737 1336 781 (Dehesa
1360 737 1403 771 de
1421 736 1599 780 Arganda,
1625 736 1796 781 ISERNl),

132 795 241 829 regno
266 783 411 818 Granat.
439 784 560 829 (Cerro
585 784 628 820 de
653 785 824 820 Javalcon
848 797 903 830 pr.
929 785 1036 829 Baza,
1062 785 1250 830 BOURG.!,
1275 795 1329 829 pr.
1356 783 1583 828 Fuengirola,
1608 783 1725 827 WK.).
1756 804 1792 808 —

136 840 158 872 2⁴
185 830 430 876 Apr.—-Juni0
455 831 499 876 (v.
524 831 580 876 v.).

181 889 274 924 Hab.
301 899 439 933 quoque
463 889 500 923 in
517 889 675 934 Algeria,
702 889 761 925 ubi
786 889 875 925 haec
901 890 1025 935 planta
1049 889 1290 924 memorabilis
1316 899 1407 924 anno
1427 889 1518 923 1844
1536 888 1583 933 (d.
1603 890 1657 923 20.
1678 888 1796 934 April)

133 948 155 972 a
180 935 411 1018 cLCDURIEU
435 935 577 972 detecta
600 942 665 972 est.
713 937 755 971 In
779 936 926 983 Europa
958 947 1036 972 eam
1073 947 1137 981 ego
1170 937 1306 982 primus
1332 936 1402 980 legi
1428 935 1474 981 (d.
1500 937 1545 970 28
1578 936 1669 980 Maji
1695 938 1796 981 1844,

134 995 189 1029 pr.
244 983 351 1029 hiva).

180 1065 283 1099 2835.
335 1066 377 1099 C.
403 1066 618 1099 fimbriata
642 1064 742 1099 LGE.
768 1064 856 1108 Pug.
891 1077 926 1110 p.
952 1066 1020 1099 218
1056 1069 1092 1100 et
1118 1064 1295 1109 Descript.
1323 1064 1411 1099 icon.
1443 1063 1494 1098 ill.
1527 1063 1576 1109 pl.
1602 1074 1678 1099 nov.
1704 1076 1738 1109 p.
1764 1065 1797 1098 9⁷

85 1115 108 1146 t.
130 1113 191 1147 141
230 1111 360 1146 Differt
385 1122 406 1145 a
430 1111 594 1156 praeced.
621 1112 777 1156 squamis
803 1112 1067 1156 angustioribus
1092 1112 1380 1156 longioribusque
1407 1111 1698 1156 ovato-ellipticis
1715 1118 1800 1146 acu·

84 1159 227 1193 minatis
253 1158 458 1204 serrulatis,
495 1158 594 1203 spica
617 1163 770 1203 angusta
795 1160 964 1203 elongata
989 1158 1173 1204 laxiflora,
1200 1160 1351 1194 bracteis
1378 1158 1594 1202 longioribus
1621 1158 1801 1193 rhomboi-

86 1205 378 1241 deo—lanceolatis
415 1205 491 1240 basi
526 1206 884 1249 glandiiloso2ciliatis
921 1217 943 1241 a
977 1206 1093 1241 medio
1126 1206 1171 1241 ad
1196 1206 1334 1251 apicem
1359 1205 1799 1250 fimbriato-denticulatis,

85 1253 223 1288 laciniis
249 1252 380 1297 calycis
404 1252 564 1296 margine
591 1253 959 1296 glanduloso-ciliatis,
985 1253 1140 1289 corollae
1158 1253 1242 1288 tubo
1260 1252 1453 1298 cylindrico
1472 1263 1539 1288 non
1553 1253 1596 1297 (P)
1609 1253 1800 1288 constricto

87 1300 219 1335 sensim
243 1300 280 1333 in
305 1299 451 1334 limbum
477 1305 661 1335 arcuatum
686 1300 896 1335 bilabiatum
923 1301 1106 1346 ampliato,
1130 1300 1224 1336 labio
1243 1300 1425 1345 superiore
1451 1300 1684 1345 emarginato,
1710 1311 1801 1335 mar-

85 1346 165 1390 gine
191 1346 344 1381 breviter
369 1346 528 1381 revoluto
554 1347 979 1390 undulato-denticulato,
1013 1347 1191 1383 inferioris
1215 1347 1307 1382 lobis
1333 1347 1470 1382 obtusis
1497 1347 1723 1382 denticulatis
1749 1348 1800 1382 in-

85 1393 259 1429 termedio
283 1404 408 1438 parum
434 1394 611 1439 longiore,
646 1394 812 1438 stigmate
837 1395 975 1439 majore
1001 1394 1171 1440 depresso
1197 1394 1288 1429 ovali
1313 1393 1728 1440 glanduloso-puberulo.
1755 1413 1799 1419 —-

85 1440 205 1477 Caulis
228 1440 368 1486 pedalis
393 1445 428 1476 et
454 1442 560 1486 ultra,
587 1440 686 1486 spica
709 1442 826 1476 4-8¹¹
851 1442 874 1478 l.
900 1447 1000 1478 recta
1023 1454 1053 1478 v.
1082 1442 1293 1487 subfalcata,
1319 1441 1453 1477 corolla
1480 1441 1643 1476 12—13“
1669 1441 1692 1477 l.

176 1498 219 1533 In
243 1500 386 1543 regione
412 1498 580 1535 inferiore
604 1499 704 1544 regni
730 1499 945 1535 Granatensi
981 1500 1040 1545 (ad
1065 1511 1146 1545 pag.
1172 1500 1283 1535 Senes
1308 1500 1370 1536 int.
1397 1499 1568 1535 Granada
1594 1504 1629 1535 et
1654 1499 1800 1544 Guejar,

127 1545 246 1591 LGE.)
271 1551 306 1581 et
323 1546 525 1589 Aragoniae
550 1547 699 1582 austral.
726 1547 777 1592 (in
791 1546 887 1583 Cisto
906 1547 1015 1583 Clusii
1034 1552 1069 1583 et
1086 1547 1298 1583 Rosmarino
1323 1546 1431 1594 offic„
1460 1546 1632 1594 vulgaris,
1649 1546 1769 1583 Losc.
1780 1547 1802 1592 1)

128 1613 172 1631 ·.—-
200 1602 224 1634 zi
250 1592 351 1638 Apr.,
378 1593 478 1638 Majo
504 1593 548 1639 (v.
575 1594 626 1639 s.).

174 1649 236 1685 Ob
250 1661 360 1686 serv.
408 1651 609 1697 Specimina
633 1652 882 1696 Aragonensia
915 1661 984 1687 566.
1011 1651 1055 1687 61.
1081 1651 1232 1687 LANGE
1256 1662 1278 1687 a
1301 1651 1425 1696 planta
1447 1651 1668 1686 Granatensi
1694 1651 1788 1686 brac

126 1698 194 1733 teis
219 1697 356 1742 longius
381 1699 779 1744 cuspidato-attenuatis
803 1703 839 1734 et
863 1698 998 1743 calycis
1023 1698 1164 1734 laciniis
1197 1698 1408 1734 lateralibus
1433 1700 1455 1733 4
1481 1699 1649 1744 (quarum
1673 1700 1694 1733 2
1720 1698 1784 1733 bre

126 1744 256 1789 viores)
289 1744 466 1782 differunt.
513 1746 663 1782 Accedit
696 1744 788 1790 quod
820 1746 857 1781 in
889 1746 1000 1791 stirpe
1025 1745 1249 1790 Aragonensi
1285 1746 1391 1782 tubus
1416 1745 1569 1782 corollae
1594 1745 1783 1791 conspicue

126 1791 340 1828 constrictus
364 1797 428 1828 est.

197 1873 309 1914 DCII.
351 1874 637 1916 LATHRAEA
669 1876 711 1916 L.
743 1876 842 1917 Gen.
875 1877 926 1929 pl.
989 1875 1131 1916 Flores
1168 1875 1342 1916 bracteis
1374 1874 1538 1924 suffulti,
1572 1876 1783 1916 ebracteo-

82 1934 163 1983 lati,
195 1933 234 1972 in
268 1933 420 1987 spicam
453 1934 671 1974 secundam
705 1936 904 1989 congesti.
946 1934 1069 1988 Calyx
1101 1934 1403 1988 campanulatus
1437 1933 1601 1974 4-fidus.
1635 1934 1798 1974 Corolia

81 1991 265 2033 tubulosa
299 1992 482 2043 ringens,
517 1992 621 2033 labio
654 1994 868 2046 superiore
901 1992 1178 2033 subfornicato
1211 1993 1386 2046 integro,
1420 1992 1618 2033 inferiore
1641 1993 1801 2032 minore

82 2050 312 2091 tridentato.
374 2049 549 2091 Stamina
580 2049 608 2091 4
640 2051 850 2105 didynama
884 2052 1062 2092 corollae
1095 2051 1190 2091 tubo
1224 2052 1401 2101 inserta,
1449 2050 1661 2091 filamentis
1696 2052 1800 2091 bre-

82 2109 217 2159 vibus,
263 2107 440 2148 antheris
483 2109 752 2150 subexsertis.
815 2109 1005 2151 Ovarium
1037 2111 1170 2150 antice
1204 2109 1390 2163 glandula
1425 2109 1640 2163 hypogyna
1675 2110 1794 2150 semi-

83 2167 213 2207 lunari
257 2165 486 2218 suffultum,
531 2168 660 2220 stylus
705 2169 841 2208 brevis
886 2173 1097 2218 curvatus,
1141 2168 1288 2222 stigma
1322 2179 1512 2221 magnum
1545 2168 1792 2210 disciforme.

42 2223 254 2278 ’Capsula
289 2224 470 2276 bivalvis,
506 2226 628 2266 valvis
662 2227 774 2280 apice
806 2227 957 2268 liberis.

177 2304 281 2338 2836.
329 2305 376 2338 L.
403 2306 653 2345 Squamaria
676 2305 720 2340 L.
747 2305 831 2341 Cod.
856 2317 889 2341 n.
914 2307 1026 2342 4394!
1052 2305 1178 2341 REUT.
1205 2304 1228 2341 1.
1254 2316 1284 2340 c.
1310 2317 1345 2350 p.
1370 2306 1430 2341 401
1459 2304 1531 2340 GR.
1557 2304 1688 2340 GODR.
1714 2304 1738 2340 l.
1763 2315 1795 2340 6.

82 2363 116 2396 p.
143 2351 227 2386 643!
270 2349 396 2384 RCHB.
422 2351 471 2386 Ic.
504 2352 525 2386 l.
552 2363 580 2387 c.
614 2357 638 2386 t.
668 2354 733 2387 143
760 2358 795 2387 et
820 2354 907 2397 205,
942 2352 964 2387 f.
990 2352 1025 2388 I!
1076 2353 1250 2396 Carnosa,
1278 2352 1425 2396 glabra,
1452 2352 1648 2386 rhizomate
1675 2362 1797 2388 crasso

83 2397 318 2443 multicipite,
356 2399 511 2441 squamis
547 2399 675 2433 crassis
701 2399 827 2434 albidis
853 2399 1050 2434 imbricatis
1076 2398 1355 2434 cordato-ovatis
1381 2398 1489 2434 (161156
1514 2399 1660 2444 vestito,
1698 2399 1799 2434 caule

85 2445 237 2492 simplici
262 2444 377 2479 3-6¹‘
402 2444 426 2479 l.
451 2446 557 2480 tereti
582 2445 714 2490 pallido
740 2455 848 2490 parce
874 2452 1060 2490 squamato
1085 2446 1216 2490 solido,
1250 2446 1406 2489 squamis
1432 2446 1549 2490 parvis
1575 2447 1797 2481 membrana-

89 2492 177 2538 ceis3
205 2491 304 2536 spica
328 2490 521 2526 (lensiflora
545 2497 626 2527 ante
652 2492 818 2527 anthesin
842 2491 990 2533 inflexa,
1017 2494 1082 2528 sub
1108 2493 1250 2528 anthesi
1276 2493 1464 2528 suberecta
1490 2494 1606 2526 2—4‘¹
1636 2493 1671 2530 1..
1698 2494 1798 2528 brac-

83 2536 151 2574 teis
175 2539 313 2582 magnis
337 2539 657 2575 ovato-rotundatis
683 2540 960 2575 membranaceis
986 2550 1029 2574 ex
1054 2540 1135 2576 albo
1159 2540 1519 2584 purpurascentibus,
1555 2539 1708 2574 distiche
1733 2540 1797 2574 im-

84 2586 251 2631 bricatis;
288 2585 421 2631 calycis
446 2586 902 2631 glanduloso-pubescentis
935 2587 1028 2622 lobis
1060 2586 1306 2631 inaequalibus
1343 2587 1474 2632 ovatis,
1508 2587 1643 2622 corolla
1675 2587 1796 2633 calyce

84 2633 193 2678 paulo
218 2633 376 2676 longiore
401 2643 445 2668 ex
470 2632 551 2669 albo
577 2638 868 2679 purpurascente,
894 2634 1055 2669 antheris
1079 2635 1158 2669 basi
1182 2633 1328 2669 villosis.

179 2691 237 2725 Ad
261 2690 400 2726 radices
431 2692 597 2726 arborum
629 2691 865 2736 fruticumque
893 2693 1069 2727 variorum
1105 2692 1210 2737 (Fagi
1245 2691 1417 2737 silvatici,
1443 2691 1561 2736 Coryli
1589 2691 1794 2737 Avellanae,

132 2737 322 2782 Juglandis
348 2738 466 2781 regiae
484 2738 566 2783 etc.)
592 2738 625 2772 in
653 2739 854 2774 nemoribus
888 2740 1063 2775 umbrosis
1088 2739 1242 2783 regionis
1269 2739 1425 2774 inferior.
1451 2744 1487 2774 et
1511 2744 1664 2774 montan.
1693 2740 1794 2774 Cata-

132 2785 273 2872 lgaupiare
298 2785 450 2876 girovgc.
476 2784 567 2830 Olot,
593 2785 721 2820 BOLos
746 2790 837 2821 teste
863 2786 992 2825 CSTA..
1018 2786 1191 2831 Monseny
1216 2796 1337 2822 versus
1355 2786 1539 2831 Viladran,
1565 2786 1732 2831 TEXID.)⁸
1751 2808 1793 2811 —

179 2844 271 2926 Hgb.
297 2891 333 2925 in
358 2890 463 2933 Gall„
487 2890 636 2930 Britan..
662 2890 839 2937 Scandin.,
866 2891 1014 2937 Europa
1037 2892 1146 2938 med,
1171 2891 1263 2937 Ital,
1288 2891 1398 2938 Sicil.,
1425 2891 1544 2937 Tum,
1572 2892 1675 2926 Ross.
1703 2891 1792 2926 med.

132 2941 168 2972 et
192 2937 352 2982 australi,
379 2937 492 2983 Syria.
518 2937 718 2982 Himalaya.

203 3019 331 3061 Dcnl.
375 3021 730 3061 CLANDESTINA
765 3021 906 3062 Toum«.
938 3020 1032 3061 lust.
1065 3021 1162 3075 952,
1199 3022 1313 3063 Ram.
1350 3022 1371 3062 Ι.
1396 3036 1428 3062 6.
1463 3035 1499 3074 p.
1533 3020 1610 3061 40!
1654 3021 1791 3062 Flores
