1947 3296
972 97 1070 142 482

183 226 214 249 G.
255 223 399 248 Ovarinm
433 232 447 245 e
479 221 612 252 cai-pellis
647 224 660 246 χ’
695 220 834 243 concretis
866 219 1056 249 ‹mins-›situin
1087 220 1160 248 stylo
1195 218 1347 242 ierininnti.
1392 217 1517 240 Fructus

261 258 374 281 denium
404 257 550 287 partibilis
580 255 748 286 ‘ispi-rinus.
789 254 904 277 semina
936 254 1083 277 :ittminine
1116 254 1196 277 tvnni
1226 259 1342 276 carnoso
1376 251 1485 275 inunita
1501 258 1506 273 :

264 292 347 316 Triu.
373 292 428 315 ΙΗ-
479 303 1499 315 .......................
1540 284 1835 315 lleliotropeass.

503 398 608 442 Trib.
644 396 672 440 l.
743 397 1076 451 Borrugeae
1113 399 1183 433 DC.
1209 398 1330 432 Prodr.
1362 398 1404 441 X,
1430 410 1464 443 p.
1493 400 1521 432 1.

302 509 488 550 Ovarium
525 512 714 548 constans
754 506 939 558 carpellis
985 504 1008 544 2
1052 517 1154 544 nunc
1197 503 1376 543 indivisis
1418 503 1719 553 inlocum-ibus,
1764 515 1868 542 nunc

183 569 460 621 (saepissime)
493 567 530 604 in
564 577 707 604 coccos
741 565 840 601 ‹luos
873 563 1142 603 uuilocularcs
1176 562 1371 612 profunde
1404 563 1558 615 partitis
1592 567 1630 600 et
1663 567 1741 600 tum
1774 572 1865 600 ova·

183 627 282 666 rium
324 625 596 678 quadrilobnm
644 623 889 661 Labiutmum
944 633 1051 660 mon¹
1099 619 1447 659 constituentibus.
1512 620 1644 671 Stylus
1686 619 1867 658 basilaris

183 697 232 723 ex
274 684 396 723 ovarii
438 686 575 721 centro
617 679 819 732 prodiens,
881 678 1045 716 Fructus
1093 678 1129 716 in
1178 676 1342 716 nuculas
1387 676 1413 716 4
1458 689 1757 730 monospcrmas
1803 681 1868 716 aut

184 740 353 793 (rarius)
387 741 422 779 in
455 737 624 790 carpella
659 736 682 775 2
717 737 914 788 ‹lisperma
948 735 1159 774 secedens.
1223 735 1730 774 Seminaexalbuminosa.

557 855 731 900 Subtrib.
775 856 811 898 1.
882 854 1134 899 Echieae
1171 859 1243 894 DC.
1269 858 1293 894 l.
1319 870 1348 894 c.
1374 861 1471 905 p.4!

351 957 504 997 Corolia
549 955 800 1008 irregularis,
848 955 960 994 fauce
1000 955 1118 994 nuda.
1179 954 1355 995 Nuculae
1396 951 1422 992 4
1454 953 1739 1005 unitocutares,
1782 953 1865 992 basi

239 1028 315 1057 non
348 1015 593 1068 perforatae,
634 1014 766 1052 areola
806 1014 916 1065 plana
949 1018 1038 1052 toro
1070 1013 1294 1053 insidentes
1326 1012 1500 1065 ideoque
1532 1011 1696 1051 liberae.

296 1119 450 1159 DXXX.
513 1117 698 1157 ECHlUM
733 1117 873 1157 Touau.
907 1116 1000 1157 inst..
1033 1129 1069 1169 p.
1107 1115 1186 1157 135
1219 1123 1244 1157 t.
1277 1115 1349 1157 54!
1384 1116 1507 1168 Catyx
1539 1115 1775 1168 5-partitus‚
1811 1115 1859 1153 la·

178 1179 292 1219 ciniis
325 1178 461 1217 lim-ari
485 1175 714 1215 lanceolatis
746 1175 1068 1227 subaequalibus.
1121 1175 1303 1214 Corollae
1336 1174 1715 1214 infundilmlii'orznis
1747 1173 1865 1211 tubus

181 1242 329 1284 rectus,
363 1235 453 1274 saux
487 1234 679 1286 ampliata‚
727 1233 866 1272 limbus
899 1233 1164 1285 inaequaliter
1206 1233 1370 1274 5-lobus
1415 1232 1718 1271 subbilabiatus.
1780 1230 1865 1269 Sta·

180 1295 279 1334 mina
311 1293 587 1345 inaequilonga
629 1291 886 1342 saepissimae
930 1296 1113 1341 exserta,
1166 1291 1330 1330 anthera
1377 1290 1498 1329 dorso
1541 1289 1668 1329 altixa.
1732 1287 1865 1340 Stylus

182 1352 373 1391 lilii'ormis
407 1351 570 1402 pilosus,
605 1350 835 1401 plerumque
870 1353 1072 1399 exsertus.
1107 1350 1292 1401 stigmate
1328 1348 1469 1388 bilobo.
1516 1347 1690 1387 Nuculae
1723 1351 1863 1385 ovatae

180 1414 245 1449 aut
278 1410 512 1448 turbinatae.
546 1431 596 1436 —
634 1407 787 1446 Herbae
819 1411 885 1445 aut
919 1408 1102 1457 frutices,
1150 1407 1286 1446 radice
1319 1406 1592 1456 fusco-rubra,
1629 1404 1730 1444 soliis
1764 1405 1863 1443 inte·

179 1469 276 1519 gris,
318 1467 479 1506 floribus
511 1467 549 1504 in
584 1465 712 1517 spicas
753 1465 952 1504 secundas
997 1465 1273 1517 scorpioideas
1317 1465 1539 1518 bracteatas
1579 1475 1698 1503 secus
1740 1462 1862 1502 caulis

176 1537 427 1565 rumorumve
461 1523 748 1575 longitudinem
782 1523 959 1574 spientim
1003 1523 1216 1575 dispositas
1261 1523 1321 1563 vel
1354 1522 1597 1574 paniculatas
1641 1520 1860 1574 congestis.

581 1625 604 1665 †
631 1627 800 1666 Species
826 1627 955 1659 breve
979 1625 1164 1667 spicatae
1191 1626 1461 1659 densiflorae:

267 1706 391 1751 Spirae
416 1706 653 1751 scorpioidcac
679 1708 799 1741 breves
831 1706 961 1741 densae
985 1717 1195 1742 numerosae
1222 1706 1256 1741 in
1281 1707 1442 1751 thyrsum
1467 1704 1652 1745 oblongum
1689 1714 1719 1737 v.
1745 1702 1854 1747 cylin-

175 1754 308 1787 dricmn
333 1760 550 1798 compactum
576 1760 636 1788 aut
662 1754 895 1797 interruptum
922 1759 1120 1797 congestae.

880 1846 898 1867 '¹‘
923 1845 1151 1881 Fruticosae.

292 1928 392 1961 2452.
441 1929 488 1960 E.
514 1928 737 1961 candicans
763 1926 803 1961 L.
830 1926 877 1960 fil.
906 1927 1024 1971 Snppl.
1055 1929 1130 1963 131.
1156 1927 1226 1961 DC.
1252 1925 1374 1961 Prodr.
1400 1925 1422 1959 l.
1449 1935 1478 1959 c.
1505 1936 1539 1969 p.
1567 1925 1627 1958 17!
1662 1921 1784 1960 JAQU.
1810 1921 1863 1955 Pl.

178 1984 246 2008 rar.
272 1973 299 2017 Ι,
324 1981 348 2008 t.
375 1975 428 2007 30.
477 1973 638 2012 Elatum,
681 1974 788 2009 ramis
821 1973 985 2008 floriferis
1023 1974 1197 2017 elongatis
1229 1974 1364 2008 inferne
1396 1972 1530 2006 foliosis
1564 1981 1640 2005 cum
1675 1968 1770 2003 foliis
1804 1978 1865 2013 pe-

178 2019 403 2064 dunculisquc
428 2020 579 2054 molliter
602 2020 870 2055 cano-hirsutis:
908 2021 1000 2055 foliis
1026 2021 1231 2056 lanceolatis
1262 2018 1467 2055 acuminatis
1501 2017 1624 2052 subtus
1656 2014 1754 2049 valde
1790 2025 1865 2048 ner-

179 2067 280 2101 vosis.
306 2078 439 2101 sursum
466 2066 770 2107 decrescentibus.
802 2068 906 2111 spicis
940 2068 1240 2102 numerosissimis
1273 2068 1308 2100 in
1334 2067 1493 2111 thyrsum
1521 2061 1865 2106 elongato-cylindri-

179 2124 253 2147 cum
279 2118 495 2157 compactum
521 2115 710 2155 congests.
741 2113 1001 2157 peduncnlatis,
1042 2115 1174 2160 calycis
1206 2114 1343 2148 laciniis
1380 2111 1626 2155 inaequalibus
1659 2108 1866 2143 lanceolatis

178 2160 344 2194 carinatis
369 2159 534 2203 adpresse
559 2160 723 2197 hirsutis,
749 2161 881 2195 corolla
911 2161 1078 2195 mediocri
1112 2162 1182 2206 (4“‘
1208 2161 1245 2199 l.)
1271 2166 1371 2195 extus
1404 2160 1538 2198 sericea
1570 2156 1749 2195 coerulea,
1782 2155 1866 2189 tubo

180 2206 292 2241 brevi:
319 2206 527 2249 genitalibus
556 2206 656 2247 longo
682 2207 839 2241 exsertis.

294 2252 332 2286 In
357 2252 538 2286 maritimis
564 2252 728 2287 Galeotae
763 2259 827 2297 (pr.
855 2253 998 2299 Fcrrol,
1042 2254 1239 2298 SEOANEl)
1275 2258 1298 2290 ἲ)
1323 2252 1456 2294 Colitur
1482 2250 1563 2283 hinc
1588 2248 1668 2283 indo
1693 2249 1728 2282 in
1753 2246 1865 2281 hortis

179 2298 369 2343 hispanicis
393 2319 436 2323 —
463 2303 504 2342 (v.
530 2299 570 2343 s.)
600 2299 802 2334 »Plumeros
828 2301 979 2335 azules.«

292 2345 382 2380 Ilab.
408 2346 442 2379 in
467 2346 530 2380 ins.
557 2346 679 2381 Canar.
705 2352 739 2381 et
764 2346 921 2381 Madera.

296 2413 473 2448 Obscrv.
522 2414 637 2459 stirps
676 2415 846 2458 galecia,
884 2416 983 2459 cujus
1021 2427 1089 2451 non
1133 2416 1201 2449 nisi
1238 2415 1437 2458 fragmenta
1478 2412 1593 2458 thyrsi
1630 2415 1711 2446 ante
1743 2409 1862 2444 oculos

179 2459 293 2496 habui.
319 2471 394 2494 cum
421 2461 668 2505 speciminibus
695 2462 736 2496 E.
764 2462 980 2497 camlicantis
1015 2473 1036 2497 a
1068 2462 1135 2497 def.
1162 2463 1355 2497 MANDON
1379 2461 1414 2495 in
1439 2461 1503 2495 ins.
1531 2459 1681 2494 Madera
1705 2456 1862 2492 collectis

179 2507 262 2540 satis
286 2507 372 2541 bone
396 2509 565 2550 congruit.
601 2509 668 2543 Sed
693 2508 814 2543 dubito
832 2509 914 2554 quin
939 2510 1028 2544 haec
1053 2509 1189 2555 species
1212 2507 1323 2544 florae
1341 2508 1506 2543 Galcciac
1524 2507 1609 2541 civis
1627 2505 1673 2541 sit.
1690 2501 1864 2547 indigena.

869 2602 888 2623 *
911 2602 930 2623 *
954 2601 1169 2637 Herbaceae.

294 2678 393 2711 2453.
440 2681 486 2712 E.
512 2682 752 2716 Marianum
781 2681 866 2716 BSS.
900 2681 1026 2725 Diagn.
1059 2682 1106 2727 pl.
1139 2682 1263 2717 orient.
1297 2681 1364 2716 No.
1402 2682 1455 2716 11.
1480 2691 1514 2725 p.
1546 2679 1609 2714 90!
1645 2682 1681 2712 et
1715 2677 1802 2721 Pug.
1829 2688 1862 2721 p.

180 2724 237 2757 77!
264 2722 318 2766 (E.
345 2725 535 2759 fastuosum
561 2726 631 2760 DC.
659 2728 679 2762 Ι.
703 2739 731 2762 c.
767 2727 882 2771 quoad
914 2729 962 2773 pl.
986 2729 1206 2773 hispanicam
1240 2740 1308 2763 non
1344 2727 1460 2766 JCQU.
1492 2724 1536 2761 E.
1570 2724 1758 2760 candicans
1793 2723 1863 2758 DC.

180 2769 253 2802 Cat.
280 2769 499 2821 h3MonspJ(
536 2783 602 2806 non
626 2773 666 2808 L.
700 2780 789 2810 teste
821 2775 932 2818 BSS.).
985 2776 1162 2810 »Perenne
1207 2781 1318 2810 totum
1361 2774 1515 2808 molliter
1551 2771 1865 2807 sericeo-villosum

179 2826 445 2866 cano-griseum,
471 2818 626 2854 caulibus
644 2820 749 2855 dense
766 2821 916 2865 foliosis;
943 2821 1038 2857 foliis
1056 2822 1238 2857 sessilibns
1256 2819 1630 2865 oblongo-lanceolatis
1655 2817 1864 2853 acuminatis

181 2867 343 2905 utrinqne
369 2862 411 2895 ad
431 2873 551 2915 nervos
576 2871 696 2901 tenues
722 2868 773 2901 vix
792 2868 1005 2912 prominulos
1025 2868 1276 2912 albo-lineatus,
1302 2866 1543 2913 superioribus
1567 2864 1613 2900 ad
1638 2864 1761 2903 basin,
1791 2863 1865 2898 ani-

179 2907 278 2941 culae
320 2909 463 2961 (thyrsi)
501 2911 626 2944 sensim
663 2915 874 2958 angustatis3
928 2914 1093 2958 panicula
1130 2915 1280 2960 (thyrso)
1324 2912 1518 2960 spiciformi
1550 2911 1765 2956 ovato—cylin
1792 2910 1866 2944 rica

181 2953 299 3006 densa.v
323 2955 475 2989 bracteis
500 2958 638 3008 calyces
664 2959 719 2993 vix
744 2961 992 3003 aequantibus:
1031 2962 1162 3006 calycis
1187 2962 1355 3006 adpresse
1380 2958 1665 2996 albo-tomentosi
1705 2956 1866 3002 5-partiti

179 2999 317 3036 lacmns
341 3001 544 3037 lanceolatis
570 3005 694 3045 acutis,
719 3007 851 3041 corolla
876 3008 1038 3042 coerulea
1062 3009 1118 3042 vix
1139 3009 1337 3053 irregulari,
1362 3017 1514 3053 superne
1538 3005 1693 3042 breviter
1717 3004 1761 3039 ad
1788 3013 1866 3038 ner·
