1947 3296
975 112 1069 155 124

162 230 369 275 attenuatis,
403 230 1045 276 auriculam-semiamplexieaulibus,
1078 232 1238 267 omnibus
1268 231 1548 276 pinnatipartitis
1580 245 1608 267 v.
1636 232 1867 278 sinuato-pin—

162 276 333 321 natifidis,
370 277 504 312 laciniis
542 277 791 321 inaequalibus
827 279 1031 323 (majoribus
1064 278 1326 322 minoribusque
1358 278 1564 322 plerumque
1596 279 1867 324 alternantibus)

162 323 554 367 mucronato-dentatis,
581 324 750 360 calathiis
774 324 878 368 longe
903 325 1156 370 pedunculatis,
1182 325 1217 359 in
1236 325 1418 370 corymbos
1437 326 1648 370 compositos
1665 326 1866 362 laxissimos

164 380 269 414 saepe
294 370 516 414 paniculatos
542 370 738 416 dispositis,
764 372 924 414 angustis
949 371 1162 416 cylindricis,
1190 373 1247 406 3“‘
1272 372 1403 415 longis;
1436 371 1645 416 pedunculis
1678 373 1868 416 gracilibus

162 416 409 460 anthediisque
434 417 685 461 eglandulosis,
711 418 901 453 bracteolis
928 419 1150 462 squamisque
1176 419 1382 453 accessoriis
1407 420 1498 452 4-5
1524 419 1737 454 abbreviatis
1764 420 1866 455 subu-

162 463 261 507 latis,
295 463 450 507 squamis
476 464 634 498 anthodii
661 465 856 499 linearibus
883 465 1117 508 sphacelatis
1153 464 1270 508 ligulis
1296 464 1511 500 brevissimis
1535 465 1656 509 luteis,
1683 466 1863 501 achaeniis

162 492 417 554 nigri'cantibus
442 510 609 563 adpresse
634 511 830 563 puberulis,

256 556 299 590 In
323 557 482 591 arenosis
507 557 675 591 silvaticis
699 557 852 598 reoionis
878 556 1051 591 inferioris
1077 561 1112 590 et
1136 561 1323 591 montanae
1349 557 1543 601 Hispaniae
1578 558 1749 593 borealis.
1785 568 1863 593 cen-

209 603 307 638 tralis
333 609 368 638 et
392 603 589 638 011611(3113;
616 605 650 637 111
676 604 807 637 Gallec.
836 602 1026 647 (frequens,
1052 602 1188 646 PLAN„
1214 614 1242 637 c.
1269 603 1411 644 Orense,
1436 604 1603 640 POURR..
1627 605 1728 647 Vigo,
1754 604 1863 649 Lago

209 650 305 684 LGE.
316 649 348 693 1),
373 649 493 684 Astur.
521 650 671 693 (Gangas
696 649 738 684 de
757 649 878 693 Τ11160,
904 649 1005 683 DUR.
1031 649 1185 683 BOURG.
1197 650 1229 693 1),
1254 660 1361 693 regno
1386 650 1532 694 Legion.
1562 650 1619 695 (ad
1643 651 1863 686 Villafranca

208 695 263 730 del
289 696 427 738 Vierzo
452 696 549 731 LGE
561 697 593 739 !).
620 702 768 740 utraque
794 696 886 730 Cast.
915 696 955 740 (c.
982 696 1106 740 Bohoy
1098 707 1128 729 0
1154 695 1197 730 3(1
1222 696 1296 730 rad.
1324 697 1357 731 S.
1384 696 1426 731 de
1451 696 1604 743 Gr,edos
1631 698 1785 733 BOURG.
1797 701 1804 733 1
1831 698 1864 732 61

216 743 390 783 Escorial
409 743 557 787 COLMW)
584 743 690 785 Aiag.
710 743 887 786 (frequens
905 753 947 776 ex
965 708 1099 786 Assoss
1114 742 1225 776 Catal.
1246 742 1397 787 (COLM.)
1418 763 1462 768 —-
1481 747 1518 784 Θ
1536 727 1617 778 Juri.
1622 745 1727 788 -.Aug
1748 746 1790 789 (v.
1810 744 1862 788 s..)

261 789 351 823 Hab.
378 789 412 823 in
438 789 563 833 Lusit.
589 789 693 833 Gall.
718 789 817 834 Brit,
844 789 992 833 Europa
1015 789 1087 823 bor.
1114 794 1149 823 et
1172 788 1298 834 media,
1325 789 1406 824 Ital.
1431 790 1505 824 bor
1532 796 1566 825 et
1590 791 1695 836 1116(1.,
1722 791 1865 826 Turcia.

257 860 358 893 1514.
409 861 446 893 S.
474 862 667 894 viscosus
692 859 732 893 L.
759 858 840 893 Cod.
866 870 899 892 n
927 859 1036 892 62811
1064 858 1135 892 GR.
1160 858 1290 893 GODR
1317 859 1338 892 l.
1357 870 1385 894 6
1411 859 1536 894 RCHB.
1562 859 1584 893 l.
1603 871 1631 894 c.
1657 864 1681 894 t.
1708 861 1763 903 69,
1789 860 1863 895 f.1!

165 905 291 939 Differt
309 916 329 939 a
345 906 495 949 praeced
525 912 559 940 et
577 906 610 940 8
628 906 764 949 vulgali
788 905 990 939 indumento
1017 905 1123 940 denso
1150 905 1372 948 glanduloso-
1374 906 1515 949 viscido,
1541 906 1678 942 laciniis
1703 889 1864 941 foliorum

164 952 412 988 subi-exolutis
450 953 613 987 calathiis
639 933 780 986 dimidio
805 952 1008 995 majoribus.
1036 971 1078 975 -
1104 951 1232 986 Planta
1257 952 1382 987 foliosa
1408 935 1546 987 sordide
1577 953 1772 997 vilescens,
1807 963 1862 988 ca·
1887 968 1889 971 ·

162 998 284 1033 lathiis
315 999 401 1033 satis
433 999 534 1042 longe
566 999 828 1044 pedunculatis,
862 998 1018 1042 squamis
1053 999 1260 1033 accessoriis
1286 999 1454 1034 anthodio
1479 999 1620 1034 dimidio
1645 982 1864 1035 brevio'ribus

163 1045 335 1079 subulatis
368 1056 436 1079 non
472 1046 705 1090 sphacelatis,
743 1044 910 1080 anthodio
947 1045 1052 1079 etiam
1091 1045 1316 1091 glanduloso,
1355 1046 1475 1088 ligulis
1515 1046 1680 1081 brevibus
1715 1052 1864 1090 anguste

162 1091 363 1126 linearibus.

255 1137 297 1171 In
322 1139 491 1181 arenosis,
518 1138 637 1180 cultis,
663 1137 839 1172 ruderatis
865 1137 1017 1179 regionis
1042 1136 1219 1172 inferioris
1245 1143 1280 1172 et
1304 1143 1490 1172 montanae
1516 1139 1661 1182 passim:
1695 1139 1731 1172 in
1755 1149 1863 1182 regno

214 1183 358 1227 Legion.
387 1185 436 1229 (in
459 1185 614 1221 montib..
640 1184 783 1227 LAG.!),
808 1189 956 1227 utraque
983 1184 1074 1218 Cast.
1094 1184 1248 1227 (Montes
1266 1184 1308 1218 de
1325 1185 1460 1228 Burgos
1479 1190 1513 1219 et
1529 1195 1582 1228 pr.
1600 1185 1863 1230 Hoyoquesero,

213 1230 338 1275 QUER,
363 1243 416 1275 pr.
443 1232 477 1265 la
495 1231 641 1275 Granja,
667 1230 784 1268 NEE!.
812 1231 843 1264 el
862 1230 1036 1274 Escorial,
1061 1230 1175 1265 LGE.!
1202 1231 1345 1266 Deliesa
1369 1230 1410 1265 de
1432 1231 1648 1267 Lumbreras
1673 1233 1708 1266 in
1733 1231 1864 1267 ditione

214 1277 250 1312 la
275 1277 398 1323 Rioja,
424 1278 482 1312 hb.
508 1278 680 1322 BOUT.!),
717 1278 870 1320 Aragon.
904 1278 945 1321 (c.
976 1277 1185 1321 Fortanete,
1212 1278 1463 1321 Mosqueruela
1489 1282 1555 1312 etc.
1581 1278 1718 1322 Asso),
1752 1278 1863 1314 Catal.

212 1324 328 1367 (Valle
353 1324 396 1358 de
421 1325 538 1367 Aran,
566 1325 700 1363 COLM„
725 1323 805 1358 inde
831 1325 875 1358 ab
901 1334 985 1366 agro
1011 1324 1262 1359 Barcinonensi
1287 1324 1331 1358 ad
1355 1325 1557 1369 Pyrenaeos
1583 1336 1693 1369 usque
1720 1325 1862 1369 CSTA.),

210 1381 318 1414 regno
343 1371 484 1406 Valent.
512 1372 558 1416 (in
584 1371 713 1406 ditione
739 1371 771 1404 el
797 1370 1036 1414 Maeztrasgo,
1060 1370 1178 1405 LOSG.
1204 1371 1381 1415 PARDO!)
1407 1391 1452 1395 —-
1477 1375 1514 1412 Θ
1541 1371 1717 1407 Jun.-Oct.
1744 1373 1785 1416 (v.
1811 1372 1864 1416 s.).

239 1417 348 1453 .Hab.
373 1418 406 1451 in
432 1417 534 1462 Gall,
560 1419 660 1463 Brit,
686 1417 848 1452 Scandin.
876 1419 963 1462 (exc.
990 1417 1080 1452 Finl.
1106 1423 1141 1453 et
1165 1418 1352 1462 Lappon.),
1378 1417 1522 1462 Europa
1544 1418 1645 1464 med,
1670 1418 1750 1453 Ital.
1775 1419 1862 1464 bor„

208 1463 370 1498 Gra-ecia.

283 1546 548 1586 CCCLXXIV.
613 1542 816 1585 KLEINIA
849 1547 889 1586 L.
924 1546 1016 1586 GEN.
1050 1546 1100 1599 pl.
1174 1546 1390 1586 Calatbium
1436 1547 1684 1587 discoidcum
1728 1547 1862 1586 homo*

163 1616 334 1656 gauium.
378 1603 620 1644 Anthodium
655 1605 987 1656 campanulatum,
1022 1605 1200 1657 squamis
1232 1605 1533 1655 uniserialibus,
1568 1606 1654 1645 basi
1686 1605 1864 1657 calyculo

165 1663 368 1701 munitum.
430 1662 739 1713 Receptaculum
775 1663 943 1714 planum.
1006 1663 1146 1702 Flores
1180 1663 1672 1715 campanulato-tubulosi,
1708 1663 1862 1702 berma-

164 1719 348 1772 phroditi.
381 1719 583 1758 Achaenia
607 1719 824 1771 cylindrica
849 1724 1013 1760 costata.
1037 1745 1092 1748 —
1116 1721 1221 1760 Folia
1244 1732 1398 1773 sparsa,
1422 1726 1657 1774 aggregata,
1683 1731 1864 1761 carnosa.

258 1798 418 1832 >131515
452 1800 501 1832 Κ.
528 1799 701 1832 ficoides
719 1798 834 1833 HAW.
860 1799 912 1833 Pl.
941 1809 1032 1833 succ.
1057 1798 1105 1843 pl.
1125 1801 1202 1833 313.
1228 1799 1299 1834 DC.
1318 1800 1439 1834 Prodr.
1458 1800 1520 1843 VI,
1545 1812 1578 1845 p.
1598 1802 1682 1835 337!
1710 1799 1867 1845 (Cacalia

161 1843 305 1879 ficoides
330 1844 385 1887 L.)
435 1844 597 1879 Fruticos
583 1856 632 1889 a,
663 1845 771 1880 ramis
797 1845 953 1880 carnosis
978 1846 1211 1889 cicatricosis,
1246 1847 1347 1890 apice
1372 1847 1534 1882 foliorum
1558 1847 1764 1882 fasciculum
1791 1856 1865 1881 sca-

162 1901 295 1934 posque
320 1890 504 1944 florigeros
531 1891 640 1925 nudos
666 1892 877 1933 ferentibus,
912 1892 1005 1926 foliis
1031 1894 1075 1925 2¹
1100 1893 1121 1927 1
1148 1893 1300 1927 enerviis
1326 1895 1553 1938 compressis
1585 1893 1725 1928 lineari·
1728 1894 1865 1927 lanceo-

162 1937 244 1972 latis
270 1938 399 1981 acutis7
425 1938 565 1980 glauco-
569 1938 764 1990 pruinosis,
800 1939 966 1973 calathiis
992 1939 1028 1972 in
1053 1950 1159 1983 scapo
1185 1950 1341 1983 cymoso—
1343 1941 1573 1984 paniculatis,
1606 1940 1865 1993 pedunculatis,

164 1985 220 2017 5⁰¹
244 1984 376 2028 longis,
409 1985 514 2018 rimis
541 1985 654 2036 scapis
679 1984 953 2029 pedunculisque
987 1986 1150 2020 bracteas
1184 1987 1472 2038 membranaceas
1502 1987 1718 2022 acuminatas
1743 1997 1865 2029 geren-

163 2030 275 2069 tibus
310 2029 468 2065 anthedii
495 2031 647 2073 squamis
673 2031 876 2065 lanceolatis
903 2031 1112 2066 acuminatis
1137 2032 1331 2077 pruinosis,
1366 2034 1505 2068 60101113
1530 2033 1653 2075 111(613,
1684 2033 1865 2068 achaeniis

162 2076 306 2121 pallidis
330 2076 524 2129 puber,ulis
549 2087 665 2121 pappo
691 2078 789 2111 niveo
815 2078 953 2112 scabro·
957 2077 1070 2121 piloso
1094 2078 1324 2113 bievimibus

258 2122 360 2158 Culta
383 2123 418 2157 in
444 2123 557 2158 hortis
582 2123 761 2158 Galleciae
788 2128 822 2157 et
847 2125 1110 2168 subspontanea
1133 2125 1166 2157 in
1194 2136 1309 2160 muros
1333 2125 1507 2170 tectisque
1533 2126 1638 2170 hujus
1663 2125 1864 2170 provinciae

211 2170 435 2214 (SEOANEl),
461 2171 565 2204 etiam
590 2170 624 2203 in
650 2170 771 2205 Astur.
798 2170 943 2214 (PAST.)
976 2190 1011 2194 -
1041 2175 1075 2208 ’6.
1101 2170 1206 2205 Junio
1233 2172 1275 2215 (v.
1302 2171 1353 2214 s.).

257 2217 348 2251 Hab.
374 2222 498 2262 sponte
520 2216 557 2250 in
581 2222 752 2261 promont.
788 2217 906 2251 Bonae
933 2216 1018 2261 spei.

258 2273 430 2309 Observ.
479 2274 610 2309 Planta
635 2275 824 2319 hispanica
849 2285 892 2309 ex
917 2274 1156 2320 descriptione
1181 2275 1320 2310 corollis
1345 2275 1450 2310 luteis
1477 2276 1558 2320 (non
1582 2274 1722 2319 albidis)
1750 2279 1785 2309 et
1808 2285 1864 2309 ca-

209 2320 333 2356 lathiis
357 2321 550 2356 minoribus
577 2332 597 2355 a
623 2322 766 2366 capensi
793 2320 920 2356 differt.

765 2438 936 2478 Species
962 2437 1243 2478 inquirendae
1255 2447 1263 2470 ε

168 2523 403 2555 Cinci-aria
430 2525 704 2557 aem-antium
730 2523 855 2557 HPPE.
883 2522 1080 2557 Taschenb.
1106 2535 1140 2567 p.
1162 2523 1238 2557 121.
1266 2523 1424 2567 (Senecio
1442 2523 1668 2558 aurantiacus
1685 2523 1767 2567 DQ,
1793 2522 1864 2558 GR.

374 2567 501 2602 GODR.
528 2569 550 2602 1.
577 2580 604 2603 c.
630 2582 663 2613 p.
686 2572 769 2604 1231
819 2569 942 2604 RCHB.
970 2569 1016 2603 Ic.
1042 2570 1064 2603 l.
1084 2580 1111 2603 6.
1137 2575 1160 2603 (.
1181 2570 1236 2614 91,
1262 2570 1284 2604 f.
1306 2570 1374 2613 112)
1400 2591 1443 2594 -—
1469 2570 1504 2603 in
1530 2570 1723 2614 Pyrenaeis
1749 2570 1864 2605 adhuc

372 2614 532 2648 oriental.
560 2627 627 2649 sec.
654 2616 763 2660 LAP..
788 2616 938 2651 fortasse
964 2615 1000 2648 in
1026 2615 1244 2650 Catalaunia.

167 2663 360 2695 Senecio
389 2662 586 2703 (Dm-ia)
616 2665 912 2706 campitas-us·
936 2662 1061 2697 BROT.
1088 2662 1142 2696 Fl.
1167 2663 1261 2697 lusit.
1288 2662 1324 2706 I,
1356 2674 1390 2706 p.
1417 2663 1502 2696 390:
1529 2662 1633 2695 —in
1658 2661 1864 2697 Lusitaniae

372 2712 487 2741 monte
513 2706 615 2741 86113
643 2708 675 2741 d'
680 2709 847 2746 Estrella.
872 2708 983 2744 fortas
987 2719 1023 2744 36
1048 2709 1083 2742 in
1108 2710 1253 2743 montib.
1281 2708 1488 2753 Carpetanis
1513 2708 1799 2743 0661(1611(3111)113

216 2754 482 2795 -—(Doria)
510 2757 855 2808 gli-fundefflorus
880 2754 1034 2789 HFFGG.
1061 2755 1133 2789 LK
1160 2756 1213 2790 Fl
1239 2760 1328 2800 point
1354 2755 1406 2798 ΙΙ,
1441 2767 1474 2798 p.
1502 2757 1584 2789 307:
1620 2755 1655 2788 in
1680 2755 1864 2790 Lusitania

372 2799 532 2840 australi,
558 2800 707 2836 (0113336
732 2802 767 2835 111
792 2801 948 2836 Baetica.

212 2865 257 2870 ——
286 2846 565 2888 (ducobueu)
593 2850 836 2890 qiyanteu-s·
860 2848 1060 2882 DESF.F1.
1087 2848 1147 2882 atl
1175 2848 1228 2889 H,
1261 2860 1294 2892 p.
1321 2849 1401 2883 273.
1426 2852 1449 2881 t.
1476 2849 1559 2881 234!
1590 2873 1629 2877 -
1656 2848 1690 2881 111
1714 2847 1862 2890 Algeiia

372 2891 416 2925 ad
440 2891 547 2936 ripas.
573 2892 722 2928 fortasse
745 2894 780 2928 in
805 2894 980 2939 Hispania
1006 2894 1165 2929 australi.
1911 2935 1915 2937 .

214 2939 650 2982 —(0bejac0idea)
686 2942 771 2973 del
766 2943 1066 2984 pleinifolius
1098 2941 1215 2975 VAHL
1246 2939 1362 2984 Symb.
1394 2939 1447 2978 Π,
1484 2951 1517 2983 p.
1544 2940 1605 2982 91,
1640 2944 1662 2973 t.
1689 2940 1751 2973 45!
1790 2938 1861 2972 DC.

374 2984 498 3018 Prodr.
524 2985 556 3017 V
560 2985 585 3018 I.
610 2997 642 3029 p.
671 2987 754 3020 346!
786 3007 823 3010 —
851 2987 887 3021 in
913 2987 1004 3021 arvis
1030 2986 1280 3031 Mauiitaniae,
1307 2986 1458 3020 Siciliae.
1485 2985 1684 3020 Sardiniae.
1710 2985 1861 3020 fortasse

374 3031 410 3064 in
435 3031 605 3075 Hispania
630 3033 787 3066 australi.
